
  <record>
    <leader>01361nam a22003971  4500</leader>
    <controlfield tag="001">99129089203406421</controlfield>
    <controlfield tag="005">20240813131739.0</controlfield>
    <controlfield tag="006">m    |   d |      </controlfield>
    <controlfield tag="007">cr||n||||||||n</controlfield>
    <controlfield tag="008">930722s1762    pau     o     ||  | eng u</controlfield>
    <datafield tag="010" ind1=" " ind2=" ">
      <subfield code="a">   16018796 </subfield>
    </datafield>
    <datafield tag="035" ind1=" " ind2=" ">
      <subfield code="a">(GALE)CY100249652</subfield>
    </datafield>
    <datafield tag="035" ind1=" " ind2=" ">
      <subfield code="a">(OCoLC)367922241</subfield>
    </datafield>
    <datafield tag="035" ind1=" " ind2=" ">
      <subfield code="a">(NjHacI)994920000002482248</subfield>
    </datafield>
    <datafield tag="035" ind1=" " ind2=" ">
      <subfield code="a">(CKB)4920000002482248</subfield>
    </datafield>
    <datafield tag="035" ind1=" " ind2=" ">
      <subfield code="a">(CStRLIN)CTRG10332535-B</subfield>
    </datafield>
    <datafield tag="035" ind1=" " ind2=" ">
      <subfield code="a">(EXLCZ)994920000002482248</subfield>
    </datafield>
    <datafield tag="040" ind1=" " ind2=" ">
      <subfield code="d">Thomson Gale</subfield>
    </datafield>
    <datafield tag="050" ind1=" " ind2="0">
      <subfield code="a">PS775</subfield>
      <subfield code="b">.S4 1762</subfield>
    </datafield>
    <datafield tag="082" ind1="0" ind2="4">
      <subfield code="a">811.54</subfield>
      <subfield code="2">23</subfield>
    </datafield>
    <datafield tag="100" ind1="1" ind2=" ">
      <subfield code="a">Hopkinson, Francis,</subfield>
      <subfield code="d">1737-1791.</subfield>
    </datafield>
    <datafield tag="245" ind1="1" ind2="0">
      <subfield code="a">Science :</subfield>
      <subfield code="b">a poem /</subfield>
      <subfield code="c">by Francis Hopkinson, esq. ...</subfield>
    </datafield>
    <datafield tag="246" ind1=" " ind2=" ">
      <subfield code="a">Science </subfield>
    </datafield>
    <datafield tag="260" ind1=" " ind2=" ">
      <subfield code="a">Philadelphia :</subfield>
      <subfield code="b">Printed by William Dunlap, in Market-street,</subfield>
      <subfield code="c">1762.</subfield>
    </datafield>
    <datafield tag="264" ind1=" " ind2="1">
      <subfield code="a">Philadelphia :</subfield>
      <subfield code="b">Printed by William Dunlap, in Market-street,</subfield>
      <subfield code="c">1762.</subfield>
    </datafield>
    <datafield tag="300" ind1=" " ind2=" ">
      <subfield code="a">1 online resource (iv, [5]-19 p. ) </subfield>
    </datafield>
    <datafield tag="336" ind1=" " ind2=" ">
      <subfield code="a">text</subfield>
      <subfield code="b">txt</subfield>
      <subfield code="2">rdacontent</subfield>
    </datafield>
    <datafield tag="337" ind1=" " ind2=" ">
      <subfield code="a">computer</subfield>
      <subfield code="b">c</subfield>
      <subfield code="2">rdamedia</subfield>
    </datafield>
    <datafield tag="338" ind1=" " ind2=" ">
      <subfield code="a">online resource</subfield>
      <subfield code="b">cr</subfield>
      <subfield code="2">rdacarrier</subfield>
    </datafield>
    <datafield tag="490" ind1="1" ind2=" ">
      <subfield code="a">Sabin Americana : History of the Americas, 1500-1926</subfield>
    </datafield>
    <datafield tag="510" ind1="4" ind2=" ">
      <subfield code="a">RLIN,</subfield>
      <subfield code="c">CTRG10332535-B</subfield>
    </datafield>
    <datafield tag="500" ind1=" " ind2=" ">
      <subfield code="a">Reproduction of original from Library of Congress.</subfield>
    </datafield>
    <datafield tag="500" ind1=" " ind2=" ">
      <subfield code="a">Sabin no. 32982.</subfield>
    </datafield>
    <datafield tag="650" ind1=" " ind2="0">
      <subfield code="a">Science</subfield>
      <subfield code="v">Poetry.</subfield>
    </datafield>
    <datafield tag="650" ind1=" " ind2="0">
      <subfield code="a">Education, Higher</subfield>
      <subfield code="v">Poetry.</subfield>
    </datafield>
    <datafield tag="830" ind1=" " ind2="0">
      <subfield code="a">Sabin Americana : History of the Americas, 1500-1926.</subfield>
    </datafield>
    <datafield tag="906" ind1=" " ind2=" ">
      <subfield code="a">BOOK</subfield>
    </datafield>
    <datafield tag="950" ind1=" " ind2=" ">
      <subfield code="c">2024-08-26 03:10:46 US/Eastern</subfield>
      <subfield code="b">2023-05-06 13:30:30 US/Eastern</subfield>
      <subfield code="a">false</subfield>
    </datafield>
    <datafield tag="951" ind1=" " ind2=" ">
      <subfield code="v">2023-11-09 15:08:28 US/Eastern</subfield>
      <subfield code="g">Gale</subfield>
      <subfield code="u">System</subfield>
      <subfield code="r">669130-princetondb</subfield>
      <subfield code="t">2023-11-09 15:08:28 US/Eastern</subfield>
      <subfield code="x">https://na05.alma.exlibrisgroup.com/view/uresolver/01PRI_INST/openurl?u.ignore_date_coverage=true&amp;portfolio_pid=53999821070006421&amp;Force_direct=true</subfield>
      <subfield code="s">System</subfield>
      <subfield code="0">53999821070006421</subfield>
      <subfield code="w">2023-11-09 20:08:28</subfield>
      <subfield code="f">true</subfield>
      <subfield code="m">61998608740006421</subfield>
      <subfield code="n">Sabin Americana: History of the Americas, 1500–1926</subfield>
      <subfield code="b">param</subfield>
      <subfield code="q">1810778-princetondb</subfield>
      <subfield code="1">62998608730006421</subfield>
      <subfield code="c">d?u.ignore_date_coverage=true&amp;rft.mms_id=99129089203406421</subfield>
      <subfield code="a">Available</subfield>
      <subfield code="l">612470000000000038</subfield>
      <subfield code="e">BOOK</subfield>
      <subfield code="8">53999821070006421</subfield>
    </datafield>
  </record>