
  <record>
    <leader>02505cam a2200469Ii 4500</leader>
    <controlfield tag="001">99127149995506421</controlfield>
    <controlfield tag="005">20161116145813.0</controlfield>
    <controlfield tag="006">m     o  d f      </controlfield>
    <controlfield tag="007">cr mn|||||||||</controlfield>
    <controlfield tag="008">140805s1977    dcuabf  ob   f000 0 eng d</controlfield>
    <datafield tag="035" ind1=" " ind2=" ">
      <subfield code="a">(CKB)5470000002467277</subfield>
    </datafield>
    <datafield tag="035" ind1=" " ind2=" ">
      <subfield code="a">(OCoLC)885281815</subfield>
    </datafield>
    <datafield tag="035" ind1=" " ind2=" ">
      <subfield code="a">(EXLCZ)995470000002467277</subfield>
    </datafield>
    <datafield tag="040" ind1=" " ind2=" ">
      <subfield code="a">COP</subfield>
      <subfield code="b">eng</subfield>
      <subfield code="e">rda</subfield>
      <subfield code="e">pn</subfield>
      <subfield code="c">COP</subfield>
      <subfield code="d">OCLCO</subfield>
      <subfield code="d">OCLCF</subfield>
      <subfield code="d">GPO</subfield>
    </datafield>
    <datafield tag="043" ind1=" " ind2=" ">
      <subfield code="a">n-us-nc</subfield>
      <subfield code="a">n-us-tn</subfield>
    </datafield>
    <datafield tag="100" ind1="1" ind2=" ">
      <subfield code="a">Lesure, Frank Gardner,</subfield>
      <subfield code="d">1927-</subfield>
      <subfield code="e">author.</subfield>
    </datafield>
    <datafield tag="245" ind1="1" ind2="0">
      <subfield code="a">Mineral resources of the Joyce Kilmer-Slickrock Wilderness, North Carolina-Tennessee /</subfield>
      <subfield code="c">by F. G. Lesure [and three others].</subfield>
    </datafield>
    <datafield tag="264" ind1=" " ind2="1">
      <subfield code="a">[Washington, D.C.] :</subfield>
      <subfield code="b">United States Department of the Interior, Geological Survey,</subfield>
      <subfield code="c">1977.</subfield>
    </datafield>
    <datafield tag="264" ind1=" " ind2="2">
      <subfield code="a">Washington :</subfield>
      <subfield code="b">United States Government Printing Office.</subfield>
    </datafield>
    <datafield tag="300" ind1=" " ind2=" ">
      <subfield code="a">1 online resource (vii, 89 pages, 3 pages of plates) :</subfield>
      <subfield code="b">illustrations, maps (some color).</subfield>
    </datafield>
    <datafield tag="336" ind1=" " ind2=" ">
      <subfield code="a">text</subfield>
      <subfield code="b">txt</subfield>
      <subfield code="2">rdacontent</subfield>
    </datafield>
    <datafield tag="337" ind1=" " ind2=" ">
      <subfield code="a">computer</subfield>
      <subfield code="b">c</subfield>
      <subfield code="2">rdamedia</subfield>
    </datafield>
    <datafield tag="338" ind1=" " ind2=" ">
      <subfield code="a">online resource</subfield>
      <subfield code="b">cr</subfield>
      <subfield code="2">rdacarrier</subfield>
    </datafield>
    <datafield tag="490" ind1="1" ind2=" ">
      <subfield code="a">Geological Survey Bulletin ;</subfield>
      <subfield code="v">1416</subfield>
    </datafield>
    <datafield tag="490" ind1="1" ind2=" ">
      <subfield code="a">Studies related to wilderness--wilderness areas areas</subfield>
    </datafield>
    <datafield tag="588" ind1=" " ind2=" ">
      <subfield code="a">Description based on online resource; title from PDF title page (USGS, viewed August 1, 2014).</subfield>
    </datafield>
    <datafield tag="500" ind1=" " ind2=" ">
      <subfield code="a">"An evaluation of the mineral potential of area."</subfield>
    </datafield>
    <datafield tag="504" ind1=" " ind2=" ">
      <subfield code="a">Includes bibliographical references (pages 40-41).</subfield>
    </datafield>
    <datafield tag="650" ind1=" " ind2="0">
      <subfield code="a">Geology</subfield>
      <subfield code="z">Joyce Kilmer-Slickrock Wilderness (N.C. and Tenn.)</subfield>
    </datafield>
    <datafield tag="650" ind1=" " ind2="0">
      <subfield code="a">Mines and mineral resources</subfield>
      <subfield code="z">Joyce Kilmer-Slickrock Wilderness (N.C. and Tenn.)</subfield>
    </datafield>
    <datafield tag="650" ind1=" " ind2="7">
      <subfield code="a">Mines and mineral resources.</subfield>
      <subfield code="2">fast</subfield>
    </datafield>
    <datafield tag="651" ind1=" " ind2="7">
      <subfield code="a">United States</subfield>
      <subfield code="z">Joyce Kilmer-Slickrock Wilderness.</subfield>
      <subfield code="2">fast</subfield>
      <subfield code="0">(OCoLC)fst01310683</subfield>
    </datafield>
    <datafield tag="710" ind1="2" ind2=" ">
      <subfield code="a">Geological Survey (U.S.),</subfield>
      <subfield code="e">issuing body.</subfield>
    </datafield>
    <datafield tag="906" ind1=" " ind2=" ">
      <subfield code="a">BOOK</subfield>
    </datafield>
    <datafield tag="950" ind1=" " ind2=" ">
      <subfield code="c">2023-09-03 22:34:28 US/Eastern</subfield>
      <subfield code="b">2023-05-06 13:30:30 US/Eastern</subfield>
      <subfield code="a">false</subfield>
    </datafield>
    <datafield tag="951" ind1=" " ind2=" ">
      <subfield code="v">2023-05-14 06:12:54 US/Eastern</subfield>
      <subfield code="g">US Government Documents</subfield>
      <subfield code="u">System</subfield>
      <subfield code="t">2023-05-14 06:12:53 US/Eastern</subfield>
      <subfield code="x">https://na05.alma.exlibrisgroup.com/view/uresolver/01PRI_INST/openurl?u.ignore_date_coverage=true&amp;portfolio_pid=53976592550006421&amp;Force_direct=true</subfield>
      <subfield code="s">electronic inventory creator</subfield>
      <subfield code="0">53976592550006421</subfield>
      <subfield code="w">2023-05-14 10:12:53</subfield>
      <subfield code="f">false</subfield>
      <subfield code="m">61753490960006421</subfield>
      <subfield code="n">US Government Documents</subfield>
      <subfield code="b">param</subfield>
      <subfield code="1">62753506390006421</subfield>
      <subfield code="c">d?u.ignore_date_coverage=true&amp;rft.mms_id=99127149995506421</subfield>
      <subfield code="a">Available</subfield>
      <subfield code="l">613170000000000069</subfield>
      <subfield code="e">BOOK</subfield>
      <subfield code="8">53976592550006421</subfield>
    </datafield>
  </record>