
  <record>
    <leader>02977cam##22027393u#4500</leader>
    <controlfield tag="001">99125448801706421</controlfield>
    <controlfield tag="008">220128s2021||||||||||||o|||||||||||engsd</controlfield>
    <datafield tag="035" ind1=" " ind2=" ">
      <subfield code="a">(CKB)5410000000489927</subfield>
    </datafield>
    <datafield tag="035" ind1=" " ind2=" ">
      <subfield code="a">(UtSlPG)65652</subfield>
    </datafield>
    <datafield tag="035" ind1=" " ind2=" ">
      <subfield code="a">(EXLCZ)995410000000489927</subfield>
    </datafield>
    <datafield tag="040" ind1=" " ind2=" ">
      <subfield code="a">UtSlPG</subfield>
      <subfield code="b">eng</subfield>
      <subfield code="c">IL-JeEL</subfield>
    </datafield>
    <datafield tag="041" ind1=" " ind2=" ">
      <subfield code="a">eng</subfield>
    </datafield>
    <datafield tag="100" ind1=" " ind2=" ">
      <subfield code="a">Kilmer, Joyce</subfield>
      <subfield code="d">1886-1918</subfield>
      <subfield code="e">Author</subfield>
    </datafield>
    <datafield tag="245" ind1="1" ind2="0">
      <subfield code="a">Joyce Kilmer: Poems, Essays and Letters in Two Volumes. Volume 1, Memoirs and Poems</subfield>
    </datafield>
    <datafield tag="246" ind1=" " ind2=" ">
      <subfield code="a">Joyce Kilmer</subfield>
    </datafield>
    <datafield tag="260" ind1=" " ind2=" ">
      <subfield code="b">Project Gutenberg</subfield>
    </datafield>
    <datafield tag="542" ind1=" " ind2=" ">
      <subfield code="f">Public domain in the USA.</subfield>
      <subfield code="k">Project Gutenberg</subfield>
      <subfield code="i">2021-06-20</subfield>
    </datafield>
    <datafield tag="650" ind1="1" ind2="4">
      <subfield code="a">Kilmer</subfield>
      <subfield code="a">Joyce</subfield>
      <subfield code="a">1886-1918</subfield>
    </datafield>
    <datafield tag="700" ind1=" " ind2=" ">
      <subfield code="a">Holliday, Robert Cortes</subfield>
      <subfield code="d">1880-1947</subfield>
      <subfield code="e">Editor</subfield>
    </datafield>
    <datafield tag="906" ind1=" " ind2=" ">
      <subfield code="a">BOOK</subfield>
    </datafield>
    <datafield tag="950" ind1=" " ind2=" ">
      <subfield code="c">2022-02-20 20:01:43 US/Eastern</subfield>
      <subfield code="b">2022-02-12 13:07:41 US/Eastern</subfield>
      <subfield code="a">false</subfield>
    </datafield>
    <datafield tag="951" ind1=" " ind2=" ">
      <subfield code="v">2022-02-19 10:14:58 US/Eastern</subfield>
      <subfield code="g">Project Gutenberg</subfield>
      <subfield code="u">System</subfield>
      <subfield code="j">free site; not using proxy --nb, 2/18</subfield>
      <subfield code="t">2022-02-19 10:14:58 US/Eastern</subfield>
      <subfield code="x">https://na05.alma.exlibrisgroup.com/view/uresolver/01PRI_INST/openurl?u.ignore_date_coverage=true&amp;portfolio_pid=53916164630006421&amp;Force_direct=true</subfield>
      <subfield code="s">electronic inventory creator</subfield>
      <subfield code="0">53916164630006421</subfield>
      <subfield code="w">2022-02-19 15:14:58</subfield>
      <subfield code="f">false</subfield>
      <subfield code="m">61753481190006421</subfield>
      <subfield code="n">Project Gutenberg Online Catalog</subfield>
      <subfield code="b">param</subfield>
      <subfield code="1">62753514350006421</subfield>
      <subfield code="c">d?u.ignore_date_coverage=true&amp;rft.mms_id=99125448801706421</subfield>
      <subfield code="a">Available</subfield>
      <subfield code="l">613780000000001569</subfield>
      <subfield code="e">BOOK</subfield>
      <subfield code="8">53916164630006421</subfield>
    </datafield>
  </record>