
  <record>
    <leader>02546cam a22005538i 4500</leader>
    <controlfield tag="005">20240509052823.0</controlfield>
    <controlfield tag="008">210408s2021    ncua     b    001 0 eng  </controlfield>
    <controlfield tag="001">99125411062906421</controlfield>
    <datafield tag="010" ind1=" " ind2=" ">
      <subfield code="a">  2021015362</subfield>
    </datafield>
    <datafield tag="020" ind1=" " ind2=" ">
      <subfield code="a">9781469665832</subfield>
    </datafield>
    <datafield tag="020" ind1=" " ind2=" ">
      <subfield code="a">1469665832</subfield>
    </datafield>
    <datafield tag="020" ind1=" " ind2=" ">
      <subfield code="z">9781469665849</subfield>
      <subfield code="q">(ebook)</subfield>
    </datafield>
    <datafield tag="035" ind1=" " ind2=" ">
      <subfield code="9">(YDXIT)17318560</subfield>
    </datafield>
    <datafield tag="035" ind1=" " ind2=" ">
      <subfield code="a">(OCoLC)on1244883283</subfield>
    </datafield>
    <datafield tag="040" ind1=" " ind2=" ">
      <subfield code="a">NcU/DLC</subfield>
      <subfield code="b">eng</subfield>
      <subfield code="e">rda</subfield>
      <subfield code="c">DLC</subfield>
      <subfield code="d">OCLCO</subfield>
      <subfield code="d">OCLCF</subfield>
      <subfield code="d">BDX</subfield>
      <subfield code="d">UKMGB</subfield>
      <subfield code="d">GO3</subfield>
    </datafield>
    <datafield tag="042" ind1=" " ind2=" ">
      <subfield code="a">pcc</subfield>
    </datafield>
    <datafield tag="043" ind1=" " ind2=" ">
      <subfield code="a">n-us-nc</subfield>
    </datafield>
    <datafield tag="050" ind1="0" ind2="0">
      <subfield code="a">F260</subfield>
      <subfield code="b">.S46 2021</subfield>
    </datafield>
    <datafield tag="082" ind1="0" ind2="0">
      <subfield code="a">975.6</subfield>
      <subfield code="2">23</subfield>
    </datafield>
    <datafield tag="100" ind1="1" ind2=" ">
      <subfield code="a">Simpson, Bland,</subfield>
      <subfield code="e">author.</subfield>
    </datafield>
    <datafield tag="245" ind1="1" ind2="0">
      <subfield code="a">North Carolina :</subfield>
      <subfield code="b">land of water, land of sky /</subfield>
      <subfield code="c">Bland Simpson ; photographs by Ann Cary Simpson, Scott Taylor, and Tom Earnhardt.</subfield>
    </datafield>
    <datafield tag="263" ind1=" " ind2=" ">
      <subfield code="a">2110</subfield>
    </datafield>
    <datafield tag="264" ind1=" " ind2="1">
      <subfield code="a">Chapel Hill :</subfield>
      <subfield code="b">The University of North Carolina Press,</subfield>
      <subfield code="c">[2021]</subfield>
    </datafield>
    <datafield tag="300" ind1=" " ind2=" ">
      <subfield code="a">ix, 225 pages :</subfield>
      <subfield code="b">color illustrations ;</subfield>
      <subfield code="c">28 cm</subfield>
    </datafield>
    <datafield tag="336" ind1=" " ind2=" ">
      <subfield code="a">text</subfield>
      <subfield code="b">txt</subfield>
      <subfield code="2">rdacontent</subfield>
    </datafield>
    <datafield tag="336" ind1=" " ind2=" ">
      <subfield code="a">still image</subfield>
      <subfield code="b">sti</subfield>
      <subfield code="2">rdacontent</subfield>
    </datafield>
    <datafield tag="337" ind1=" " ind2=" ">
      <subfield code="a">unmediated</subfield>
      <subfield code="b">n</subfield>
      <subfield code="2">rdamedia</subfield>
    </datafield>
    <datafield tag="338" ind1=" " ind2=" ">
      <subfield code="a">volume</subfield>
      <subfield code="b">nc</subfield>
      <subfield code="2">rdacarrier</subfield>
    </datafield>
    <datafield tag="504" ind1=" " ind2=" ">
      <subfield code="a">Includes bibliographical references and index.</subfield>
    </datafield>
    <datafield tag="520" ind1=" " ind2=" ">
      <subfield code="a">"Bland Simpson, the celebrated bard of North Carolina's sound country, has blended history, observation of nature, and personal narrative in many books to chronicle the people and places of eastern Carolina. Yet he has spent much of his life in the state's Piedmont, with regular travels into its western mountains. Here, for the first time, Simpson brings his distinctive voice and way of seeing to bear on the entirety of his home state, combining storytelling and travelogue to create a portrait of the Old North State with care and humor"--</subfield>
      <subfield code="c">Provided by publisher.</subfield>
    </datafield>
    <datafield tag="600" ind1="1" ind2="0">
      <subfield code="a">Simpson, Bland</subfield>
      <subfield code="x">Travel</subfield>
      <subfield code="z">North Carolina.</subfield>
    </datafield>
    <datafield tag="600" ind1="1" ind2="7">
      <subfield code="a">Simpson, Bland.</subfield>
      <subfield code="2">fast</subfield>
      <subfield code="0">(OCoLC)fst00075496</subfield>
    </datafield>
    <datafield tag="651" ind1=" " ind2="0">
      <subfield code="a">North Carolina</subfield>
      <subfield code="x">Description and travel</subfield>
      <subfield code="v">Anecdotes.</subfield>
    </datafield>
    <datafield tag="650" ind1=" " ind2="7">
      <subfield code="a">Travel.</subfield>
      <subfield code="2">fast</subfield>
      <subfield code="0">(OCoLC)fst01155558</subfield>
    </datafield>
    <datafield tag="651" ind1=" " ind2="7">
      <subfield code="a">North Carolina.</subfield>
      <subfield code="2">fast</subfield>
      <subfield code="0">(OCoLC)fst01204304</subfield>
    </datafield>
    <datafield tag="655" ind1=" " ind2="7">
      <subfield code="a">Anecdotes.</subfield>
      <subfield code="2">fast</subfield>
      <subfield code="0">(OCoLC)fst01423876</subfield>
    </datafield>
    <datafield tag="655" ind1=" " ind2="7">
      <subfield code="a">Travel writing.</subfield>
      <subfield code="2">fast</subfield>
      <subfield code="0">(OCoLC)fst01919983</subfield>
    </datafield>
    <datafield tag="655" ind1=" " ind2="7">
      <subfield code="a">Anecdotes.</subfield>
      <subfield code="2">lcgft</subfield>
    </datafield>
    <datafield tag="655" ind1=" " ind2="7">
      <subfield code="a">Travel writing.</subfield>
      <subfield code="2">lcgft</subfield>
    </datafield>
    <datafield tag="700" ind1="1" ind2=" ">
      <subfield code="a">Simpson, Ann Cary,</subfield>
      <subfield code="e">photographer.</subfield>
    </datafield>
    <datafield tag="700" ind1="1" ind2=" ">
      <subfield code="a">Taylor, Scott,</subfield>
      <subfield code="d">1956-</subfield>
      <subfield code="e">photographer.</subfield>
    </datafield>
    <datafield tag="700" ind1="1" ind2=" ">
      <subfield code="a">Earnhardt, Tom,</subfield>
      <subfield code="e">photographer.</subfield>
    </datafield>
    <datafield tag="910" ind1=" " ind2=" ">
      <subfield code="c">C0703mon</subfield>
      <subfield code="d">3110-10</subfield>
      <subfield code="g">YBP</subfield>
    </datafield>
    <datafield tag="914" ind1=" " ind2=" ">
      <subfield code="a">(OCoLC)on1244883283</subfield>
      <subfield code="b">OCoLC</subfield>
      <subfield code="c">match</subfield>
      <subfield code="d">20240508</subfield>
      <subfield code="e">processed</subfield>
      <subfield code="f">1244883283</subfield>
    </datafield>
    <datafield tag="960" ind1=" " ind2=" ">
      <subfield code="o">1</subfield>
      <subfield code="z">USD</subfield>
    </datafield>
    <datafield tag="961" ind1=" " ind2=" ">
      <subfield code="f">SAK</subfield>
      <subfield code="m">311010</subfield>
      <subfield code="n">Cloth</subfield>
    </datafield>
    <datafield tag="980" ind1=" " ind2=" ">
      <subfield code="i">37.00</subfield>
    </datafield>
    <datafield tag="982" ind1=" " ind2=" ">
      <subfield code="c">f</subfield>
    </datafield>
    <datafield tag="984" ind1=" " ind2=" ">
      <subfield code="a">20211013</subfield>
      <subfield code="b">123307</subfield>
      <subfield code="c">YBP-US</subfield>
    </datafield>
    <datafield tag="950" ind1=" " ind2=" ">
      <subfield code="c">2024-05-10 04:42:20 US/Eastern</subfield>
      <subfield code="b">2021-11-02 12:53:23 US/Eastern</subfield>
      <subfield code="a">false</subfield>
    </datafield>
    <datafield tag="852" ind1="0" ind2=" ">
      <subfield code="b">firestone</subfield>
      <subfield code="c">stacks</subfield>
      <subfield code="h">F260</subfield>
      <subfield code="i">.S46 2021</subfield>
      <subfield code="8">22906067720006421</subfield>
    </datafield>
    <datafield tag="952" ind1=" " ind2=" ">
      <subfield code="d">2021-11-02 16:56:35</subfield>
      <subfield code="8">22906067720006421</subfield>
      <subfield code="a">2021-11-02 16:56:31</subfield>
      <subfield code="b">Firestone Library</subfield>
      <subfield code="c">stacks: Firestone Library</subfield>
      <subfield code="e">false</subfield>
    </datafield>
    <datafield tag="876" ind1=" " ind2=" ">
      <subfield code="0">22906067720006421</subfield>
      <subfield code="a">23906067700006421</subfield>
      <subfield code="j">1</subfield>
      <subfield code="z">stacks</subfield>
      <subfield code="d">2021-11-02 12:56:31 US/Eastern</subfield>
      <subfield code="p">32101118510492</subfield>
      <subfield code="y">firestone</subfield>
    </datafield>
  </record>