
  <record>
    <leader>04898nam  2200613 a 4500</leader>
    <controlfield tag="001">99125358072606421</controlfield>
    <controlfield tag="005">20240516111226.0</controlfield>
    <controlfield tag="006">m     o  d |      </controlfield>
    <controlfield tag="007">cr -n---------</controlfield>
    <controlfield tag="008">110714s2011    si a    ob    001 0 eng d</controlfield>
    <datafield tag="010" ind1=" " ind2=" ">
      <subfield code="z">  2011290284</subfield>
    </datafield>
    <datafield tag="020" ind1=" " ind2=" ">
      <subfield code="a">1-283-23468-8</subfield>
    </datafield>
    <datafield tag="020" ind1=" " ind2=" ">
      <subfield code="a">9786613234681</subfield>
    </datafield>
    <datafield tag="020" ind1=" " ind2=" ">
      <subfield code="a">981-4304-75-1</subfield>
    </datafield>
    <datafield tag="035" ind1=" " ind2=" ">
      <subfield code="a">(CKB)3400000000016681</subfield>
    </datafield>
    <datafield tag="035" ind1=" " ind2=" ">
      <subfield code="a">(EBL)840585</subfield>
    </datafield>
    <datafield tag="035" ind1=" " ind2=" ">
      <subfield code="a">(SSID)ssj0000552038</subfield>
    </datafield>
    <datafield tag="035" ind1=" " ind2=" ">
      <subfield code="a">(PQKBManifestationID)12199751</subfield>
    </datafield>
    <datafield tag="035" ind1=" " ind2=" ">
      <subfield code="a">(PQKBTitleCode)TC0000552038</subfield>
    </datafield>
    <datafield tag="035" ind1=" " ind2=" ">
      <subfield code="a">(PQKBWorkID)10539315</subfield>
    </datafield>
    <datafield tag="035" ind1=" " ind2=" ">
      <subfield code="a">(PQKB)10082004</subfield>
    </datafield>
    <datafield tag="035" ind1=" " ind2=" ">
      <subfield code="a">(MiAaPQ)EBC840585</subfield>
    </datafield>
    <datafield tag="035" ind1=" " ind2=" ">
      <subfield code="a">(WSP)00001321    </subfield>
    </datafield>
    <datafield tag="035" ind1=" " ind2=" ">
      <subfield code="a">(Au-PeEL)EBL840585</subfield>
    </datafield>
    <datafield tag="035" ind1=" " ind2=" ">
      <subfield code="a">(CaPaEBR)ebr10493504</subfield>
    </datafield>
    <datafield tag="035" ind1=" " ind2=" ">
      <subfield code="a">(CaONFJC)MIL323468</subfield>
    </datafield>
    <datafield tag="035" ind1=" " ind2=" ">
      <subfield code="a">(OCoLC)748215449</subfield>
    </datafield>
    <datafield tag="035" ind1=" " ind2=" ">
      <subfield code="a">(EXLCZ)993400000000016681</subfield>
    </datafield>
    <datafield tag="040" ind1=" " ind2=" ">
      <subfield code="a">MiAaPQ</subfield>
      <subfield code="c">MiAaPQ</subfield>
      <subfield code="d">MiAaPQ</subfield>
    </datafield>
    <datafield tag="041" ind1=" " ind2=" ">
      <subfield code="a">eng</subfield>
    </datafield>
    <datafield tag="050" ind1=" " ind2="4">
      <subfield code="a">Q158.5</subfield>
      <subfield code="b">.N68 2011</subfield>
    </datafield>
    <datafield tag="082" ind1="0" ind2="4">
      <subfield code="a">500</subfield>
      <subfield code="2">22</subfield>
    </datafield>
    <datafield tag="100" ind1="1" ind2=" ">
      <subfield code="a">Novak, Igor.</subfield>
    </datafield>
    <datafield tag="245" ind1="1" ind2="0">
      <subfield code="a">Science :</subfield>
      <subfield code="b">a many-splendored thing /</subfield>
      <subfield code="c">Igor Novak.</subfield>
    </datafield>
    <datafield tag="250" ind1=" " ind2=" ">
      <subfield code="a">1st ed.</subfield>
    </datafield>
    <datafield tag="260" ind1=" " ind2=" ">
      <subfield code="a">Singapore ;</subfield>
      <subfield code="a">London :</subfield>
      <subfield code="b">World Scientific,</subfield>
      <subfield code="c">2011.</subfield>
    </datafield>
    <datafield tag="300" ind1=" " ind2=" ">
      <subfield code="a">1 online resource (337 p.)</subfield>
    </datafield>
    <datafield tag="336" ind1=" " ind2=" ">
      <subfield code="a">text</subfield>
      <subfield code="b">txt</subfield>
    </datafield>
    <datafield tag="337" ind1=" " ind2=" ">
      <subfield code="a">computer</subfield>
      <subfield code="b">c</subfield>
    </datafield>
    <datafield tag="338" ind1=" " ind2=" ">
      <subfield code="a">online resource</subfield>
      <subfield code="b">cr</subfield>
    </datafield>
    <datafield tag="500" ind1=" " ind2=" ">
      <subfield code="a">Description based upon print version of record.</subfield>
    </datafield>
    <datafield tag="505" ind1="0" ind2=" ">
      <subfield code="a">Dedication; Preface; Contents; List of Tables; List of Figures; Introduction; Is Science important?; Why is Science important?; What is Science?; In what ways is Science like a map?; Science and Culture; What is the principal difference between Science and other human activities?; Bibliography for Chapter 1:; Philosophical and Methodological Aspects of Science; Scientific community (SC); Example of the Scientific Community's role; Peer review and reward systems; The peer review system; Routes to scientific discovery and selection of research problem [2,8]; General characteristics of Science</subfield>
    </datafield>
    <datafield tag="505" ind1="8" ind2=" ">
      <subfield code="a">The cycle of scientific activitiesScientific language; Metaphors; Laws of Nature; Models and theories; Distinguishing between Theory and Truth; Possible methodological errors in Science; General or universal statements; Singular statements; Types of scientific arguments; Critical thinking in Science and everyday life; Incorrect logical arguments (fallacies); Experimental Design and Scientific Evidence [11]; How does the shape of the kettle affect the time required to boil water?; How does the electrical resistance affect the boiling time?; Measurement errors; Sampling; Pseudo-science (PS)</subfield>
    </datafield>
    <datafield tag="505" ind1="8" ind2=" ">
      <subfield code="a">Creationism's objections to evolutionary theory (ET)Creationist and scientific methodologies; Driving forces of Creationism; Scientific Knowledge; The span of scientific knowledge; Reductionism, determinism and irreversibility; Methodological reductionism; Ontological reductionism; Maps and complementary knowledge; Determinism and reductionism; Holism; Scientific knowledge and Philosophy of Science; Falsification cycle; Do Scientists attempt to falsify theories?; The causes of pathological Science and how to avoid it?; The validity of scientific results; Caveats; References for Chapter 2:</subfield>
    </datafield>
    <datafield tag="505" ind1="8" ind2=" ">
      <subfield code="a">Sociological and Ethical Aspects of ScienceIs Science value-neutral?; Science in Ethics; Ethics in Science; Ethical standards pertaining to Science:; Misconduct in Science:; Why does misconduct in Science matter?; Societal support for modern Science; Motivation of Scientists; Scientists in Society; Science, Technology and Applied Science; Science impacts on Society; Society's impact on Science; Science and public policy - climate change [25]; Is global warming prediction true?; Science, Risk and Evidence [26]; Bibliography for Chapter 3:; Science and History; Mathematics</subfield>
    </datafield>
    <datafield tag="505" ind1="8" ind2=" ">
      <subfield code="a">Civil and military engineeringCombined tradition; The heliocentric vs. geocentric model debate; Examples of Scientific Development: China, Europe; Scientific Revolution in W. Europe (16th-18th century); Astronomy and mechanics; Medicine &amp; optics; Chemistry; Broader consequences of scientific revolution:; New relationship between Science and Technology; Societal support for Modern Science; The future of Science; Potential causes of scientific decline; Religious fundamentalism; Political fundamentalism; Economic fundamentalism; Limits of Science [13]; Human and social limits</subfield>
    </datafield>
    <datafield tag="505" ind1="8" ind2=" ">
      <subfield code="a">Technological limits</subfield>
    </datafield>
    <datafield tag="520" ind1=" " ind2=" ">
      <subfield code="a">This book provides the first integrated account of all factors which play a role in making Science what it is today. The book discusses historical, sociological and philosophical aspects of Science emphasizing their interconnectedness. It describes many o</subfield>
    </datafield>
    <datafield tag="546" ind1=" " ind2=" ">
      <subfield code="a">English</subfield>
    </datafield>
    <datafield tag="504" ind1=" " ind2=" ">
      <subfield code="a">Includes bibliographical references and index.</subfield>
    </datafield>
    <datafield tag="650" ind1=" " ind2="0">
      <subfield code="a">Science.</subfield>
    </datafield>
    <datafield tag="650" ind1=" " ind2="0">
      <subfield code="a">Science and civilization.</subfield>
    </datafield>
    <datafield tag="776" ind1=" " ind2=" ">
      <subfield code="z">981-4304-74-3</subfield>
    </datafield>
    <datafield tag="830" ind1=" " ind2="0">
      <subfield code="a">PSCC ebrary eBook Perpetual Titles.</subfield>
    </datafield>
    <datafield tag="906" ind1=" " ind2=" ">
      <subfield code="a">BOOK</subfield>
    </datafield>
    <datafield tag="950" ind1=" " ind2=" ">
      <subfield code="c">2024-07-24 07:54:38 US/Eastern</subfield>
      <subfield code="b">2012-02-25 19:32:32 US/Eastern</subfield>
      <subfield code="a">false</subfield>
    </datafield>
    <datafield tag="951" ind1=" " ind2=" ">
      <subfield code="v">2023-05-17 23:59:23 US/Eastern</subfield>
      <subfield code="g">Ebook Central</subfield>
      <subfield code="u">System</subfield>
      <subfield code="t">2021-07-25 13:27:01 US/Eastern</subfield>
      <subfield code="x">https://na05.alma.exlibrisgroup.com/view/uresolver/01PRI_INST/openurl?u.ignore_date_coverage=true&amp;portfolio_pid=53895383960006421&amp;Force_direct=true</subfield>
      <subfield code="s">System</subfield>
      <subfield code="0">53895383960006421</subfield>
      <subfield code="w">2021-07-25 17:27:01</subfield>
      <subfield code="f">false</subfield>
      <subfield code="m">61889859990006421</subfield>
      <subfield code="n">Ebook Central Perpetual, DDA and Subscription Titles</subfield>
      <subfield code="b">param</subfield>
      <subfield code="1">62889859980006421</subfield>
      <subfield code="c">d?u.ignore_date_coverage=true&amp;rft.mms_id=99125358072606421</subfield>
      <subfield code="a">Available</subfield>
      <subfield code="l">614330000000000002</subfield>
      <subfield code="e">BOOK</subfield>
      <subfield code="8">53895383960006421</subfield>
    </datafield>
  </record>