
  <record>
    <leader>03513nam  2200553 a 4500</leader>
    <controlfield tag="001">99125355832906421</controlfield>
    <controlfield tag="005">20230316203840.0</controlfield>
    <controlfield tag="006">m     o  d |      </controlfield>
    <controlfield tag="007">cr#cn|||||||||</controlfield>
    <controlfield tag="008">010612t20022002gauaf   o     001 0aeng d</controlfield>
    <datafield tag="010" ind1=" " ind2=" ">
      <subfield code="z">  2001041332</subfield>
    </datafield>
    <datafield tag="020" ind1=" " ind2=" ">
      <subfield code="a">1-282-79582-1</subfield>
    </datafield>
    <datafield tag="020" ind1=" " ind2=" ">
      <subfield code="a">9786612795824</subfield>
    </datafield>
    <datafield tag="020" ind1=" " ind2=" ">
      <subfield code="a">0-8203-3787-0</subfield>
    </datafield>
    <datafield tag="035" ind1=" " ind2=" ">
      <subfield code="a">(CKB)2560000000051473</subfield>
    </datafield>
    <datafield tag="035" ind1=" " ind2=" ">
      <subfield code="a">(OCoLC)676699454</subfield>
    </datafield>
    <datafield tag="035" ind1=" " ind2=" ">
      <subfield code="a">(CaPaEBR)ebrary10421801</subfield>
    </datafield>
    <datafield tag="035" ind1=" " ind2=" ">
      <subfield code="a">(SSID)ssj0000428514</subfield>
    </datafield>
    <datafield tag="035" ind1=" " ind2=" ">
      <subfield code="a">(PQKBManifestationID)11274749</subfield>
    </datafield>
    <datafield tag="035" ind1=" " ind2=" ">
      <subfield code="a">(PQKBTitleCode)TC0000428514</subfield>
    </datafield>
    <datafield tag="035" ind1=" " ind2=" ">
      <subfield code="a">(PQKBWorkID)10424143</subfield>
    </datafield>
    <datafield tag="035" ind1=" " ind2=" ">
      <subfield code="a">(PQKB)10533274</subfield>
    </datafield>
    <datafield tag="035" ind1=" " ind2=" ">
      <subfield code="a">(MiAaPQ)EBC3038894</subfield>
    </datafield>
    <datafield tag="035" ind1=" " ind2=" ">
      <subfield code="a">(MdBmJHUP)muse14572</subfield>
    </datafield>
    <datafield tag="035" ind1=" " ind2=" ">
      <subfield code="a">(Au-PeEL)EBL3038894</subfield>
    </datafield>
    <datafield tag="035" ind1=" " ind2=" ">
      <subfield code="a">(CaPaEBR)ebr10421801</subfield>
    </datafield>
    <datafield tag="035" ind1=" " ind2=" ">
      <subfield code="a">(CaONFJC)MIL279582</subfield>
    </datafield>
    <datafield tag="035" ind1=" " ind2=" ">
      <subfield code="a">(EXLCZ)992560000000051473</subfield>
    </datafield>
    <datafield tag="040" ind1=" " ind2=" ">
      <subfield code="a">MiAaPQ</subfield>
      <subfield code="c">MiAaPQ</subfield>
      <subfield code="d">MiAaPQ</subfield>
    </datafield>
    <datafield tag="041" ind1=" " ind2=" ">
      <subfield code="a">eng</subfield>
    </datafield>
    <datafield tag="043" ind1=" " ind2=" ">
      <subfield code="a">n-usu--</subfield>
    </datafield>
    <datafield tag="050" ind1=" " ind2="4">
      <subfield code="a">SD537.52.G46</subfield>
      <subfield code="b">A3 2002</subfield>
    </datafield>
    <datafield tag="082" ind1="0" ind2="4">
      <subfield code="a">634.9/8/092</subfield>
      <subfield code="a">B</subfield>
      <subfield code="2">21</subfield>
    </datafield>
    <datafield tag="100" ind1="1" ind2=" ">
      <subfield code="a">Gennett, Andrew.</subfield>
    </datafield>
    <datafield tag="245" ind1="1" ind2="0">
      <subfield code="a">Sound wormy :</subfield>
      <subfield code="b">memoir of Andrew Gennett, Lumberman /</subfield>
      <subfield code="c">edited by Nicole Hayler ; with a foreword &amp; afterword by John Alger.</subfield>
    </datafield>
    <datafield tag="264" ind1=" " ind2="1">
      <subfield code="a">Athens [Georgia] :</subfield>
      <subfield code="b">University of Georgia Press,</subfield>
      <subfield code="c">2002.</subfield>
    </datafield>
    <datafield tag="264" ind1=" " ind2="4">
      <subfield code="a">©2002</subfield>
    </datafield>
    <datafield tag="300" ind1=" " ind2=" ">
      <subfield code="a">1 online resource e (xix, 218 pages, 16 unnumbered pages of plates) :</subfield>
      <subfield code="b">illustrations</subfield>
    </datafield>
    <datafield tag="336" ind1=" " ind2=" ">
      <subfield code="a">text</subfield>
      <subfield code="b">txt</subfield>
      <subfield code="2">rdacontent</subfield>
    </datafield>
    <datafield tag="337" ind1=" " ind2=" ">
      <subfield code="a">computer</subfield>
      <subfield code="b">c</subfield>
      <subfield code="2">rdamedia</subfield>
    </datafield>
    <datafield tag="338" ind1=" " ind2=" ">
      <subfield code="a">online resource</subfield>
      <subfield code="b">cr</subfield>
      <subfield code="2">rdacarrier</subfield>
    </datafield>
    <datafield tag="546" ind1=" " ind2=" ">
      <subfield code="a">English</subfield>
    </datafield>
    <datafield tag="500" ind1=" " ind2=" ">
      <subfield code="a">Includes index.</subfield>
    </datafield>
    <datafield tag="520" ind1=" " ind2=" ">
      <subfield code="a">Set in what remains some of the wildest country in the United States, Sound Wormy recalls a time when regulations were few and resources were abundant for the southern lumber industry. In 1901 Andrew Gennett put all of his money into a tract of timber along the Chattooga River watershed, which traverses parts of Georgia, South Carolina, and North Carolina. By the time he wrote his memoir almost forty years later, Gennett had outwitted and outworked countless competitors in the southern mountains to make his mark as one of the region's most seasoned, innovative, and successful lumbermen. His recollections of a rough-and-ready outdoors life are filled with details of logging, from the first "cruise" of a timber stand to the moment when the last board lies "on sticks" in the mill yard. He tells how massive poplars, oaks, and other hardwoods had to be felled and trimmed by hand, dragged down mountain slopes by draft animals, floated downstream or carried by rail to the mill, and then sawn, graded, and stacked for drying. He tells of buying timber rights in a land market filled with "sharp" operators, where titles and surveys were often contested and kinship and custom were on an equal footing with the law. Gennett saw more than potential "boardfeet" when he looked at a tree. He recalls, for instance, his efforts to convince the U.S. Forest Service to purchase undisturbed areas of wilderness at a time when its mandate was to condemn and buy up farmed-out and clear-cut land. One such sale initiated by Gennett would become the Joyce Kilmer Wilderness in North Carolina. Filled with logging lore and portraits of the southern mountains and their people, Sound Wormy adds an absorbing new chapter to the region's natural and environmental history.</subfield>
    </datafield>
    <datafield tag="650" ind1=" " ind2="0">
      <subfield code="a">Lumbermen</subfield>
      <subfield code="z">Southern States</subfield>
      <subfield code="v">Biography.</subfield>
    </datafield>
    <datafield tag="650" ind1=" " ind2="0">
      <subfield code="a">Lumber trade</subfield>
      <subfield code="z">Southern States</subfield>
      <subfield code="x">History.</subfield>
    </datafield>
    <datafield tag="600" ind1="1" ind2="0">
      <subfield code="a">Gennett, Andrew.</subfield>
    </datafield>
    <datafield tag="700" ind1="1" ind2=" ">
      <subfield code="a">Hayler, Nicole.</subfield>
    </datafield>
    <datafield tag="776" ind1="0" ind2=" ">
      <subfield code="z">0-8203-2345-4</subfield>
    </datafield>
    <datafield tag="906" ind1=" " ind2=" ">
      <subfield code="a">BOOK</subfield>
    </datafield>
    <datafield tag="950" ind1=" " ind2=" ">
      <subfield code="c">2023-03-17 01:58:48 US/Eastern</subfield>
      <subfield code="b">2012-02-25 17:11:21 US/Eastern</subfield>
      <subfield code="a">false</subfield>
    </datafield>
    <datafield tag="951" ind1=" " ind2=" ">
      <subfield code="v">2023-05-18 00:03:59 US/Eastern</subfield>
      <subfield code="g">Ebook Central</subfield>
      <subfield code="u">System</subfield>
      <subfield code="t">2021-07-25 13:20:35 US/Eastern</subfield>
      <subfield code="x">https://na05.alma.exlibrisgroup.com/view/uresolver/01PRI_INST/openurl?u.ignore_date_coverage=true&amp;portfolio_pid=53894549270006421&amp;Force_direct=true</subfield>
      <subfield code="s">System</subfield>
      <subfield code="0">53894549270006421</subfield>
      <subfield code="w">2021-07-25 17:20:35</subfield>
      <subfield code="f">false</subfield>
      <subfield code="m">61889859990006421</subfield>
      <subfield code="n">Ebook Central Perpetual, DDA and Subscription Titles</subfield>
      <subfield code="b">param</subfield>
      <subfield code="1">62889859980006421</subfield>
      <subfield code="c">d?u.ignore_date_coverage=true&amp;rft.mms_id=99125355832906421</subfield>
      <subfield code="a">Available</subfield>
      <subfield code="l">614330000000000002</subfield>
      <subfield code="e">BOOK</subfield>
      <subfield code="8">53894549270006421</subfield>
    </datafield>
  </record>