
  <record>
    <leader>01905nam  2200553 i 4500</leader>
    <controlfield tag="001">99125354463706421</controlfield>
    <controlfield tag="005">20230808191613.0</controlfield>
    <controlfield tag="006">m     o  d |      </controlfield>
    <controlfield tag="007">cr -n---------</controlfield>
    <controlfield tag="008">160620t20162016nyuao   ob    001 0 eng d</controlfield>
    <datafield tag="020" ind1=" " ind2=" ">
      <subfield code="a">0-19-022430-4</subfield>
    </datafield>
    <datafield tag="020" ind1=" " ind2=" ">
      <subfield code="a">0-19-022429-0</subfield>
    </datafield>
    <datafield tag="035" ind1=" " ind2=" ">
      <subfield code="a">(CKB)3710000000583626</subfield>
    </datafield>
    <datafield tag="035" ind1=" " ind2=" ">
      <subfield code="a">(EBL)4413905</subfield>
    </datafield>
    <datafield tag="035" ind1=" " ind2=" ">
      <subfield code="a">(SSID)ssj0001602882</subfield>
    </datafield>
    <datafield tag="035" ind1=" " ind2=" ">
      <subfield code="a">(PQKBManifestationID)16311001</subfield>
    </datafield>
    <datafield tag="035" ind1=" " ind2=" ">
      <subfield code="a">(PQKBTitleCode)TC0001602882</subfield>
    </datafield>
    <datafield tag="035" ind1=" " ind2=" ">
      <subfield code="a">(PQKBWorkID)13928882</subfield>
    </datafield>
    <datafield tag="035" ind1=" " ind2=" ">
      <subfield code="a">(PQKB)10913246</subfield>
    </datafield>
    <datafield tag="035" ind1=" " ind2=" ">
      <subfield code="a">(MiAaPQ)EBC4413905</subfield>
    </datafield>
    <datafield tag="035" ind1=" " ind2=" ">
      <subfield code="a">(Au-PeEL)EBL4413905</subfield>
    </datafield>
    <datafield tag="035" ind1=" " ind2=" ">
      <subfield code="a">(CaPaEBR)ebr11215076</subfield>
    </datafield>
    <datafield tag="035" ind1=" " ind2=" ">
      <subfield code="a">(CaONFJC)MIL892880</subfield>
    </datafield>
    <datafield tag="035" ind1=" " ind2=" ">
      <subfield code="a">(OCoLC)957124765</subfield>
    </datafield>
    <datafield tag="035" ind1=" " ind2=" ">
      <subfield code="a">(OCoLC)936331756</subfield>
    </datafield>
    <datafield tag="035" ind1=" " ind2=" ">
      <subfield code="a">(FINmELB)ELB160608</subfield>
    </datafield>
    <datafield tag="035" ind1=" " ind2=" ">
      <subfield code="a">(EXLCZ)993710000000583626</subfield>
    </datafield>
    <datafield tag="040" ind1=" " ind2=" ">
      <subfield code="a">MiAaPQ</subfield>
      <subfield code="b">eng</subfield>
      <subfield code="e">rda</subfield>
      <subfield code="e">pn</subfield>
      <subfield code="c">MiAaPQ</subfield>
      <subfield code="d">MiAaPQ</subfield>
    </datafield>
    <datafield tag="041" ind1=" " ind2=" ">
      <subfield code="a">eng</subfield>
    </datafield>
    <datafield tag="043" ind1=" " ind2=" ">
      <subfield code="a">e-ie---</subfield>
      <subfield code="a">n-us---</subfield>
    </datafield>
    <datafield tag="050" ind1=" " ind2="4">
      <subfield code="a">DA962</subfield>
      <subfield code="b">.S36 2016</subfield>
    </datafield>
    <datafield tag="082" ind1="0" ind2=" ">
      <subfield code="a">941.50821</subfield>
      <subfield code="2">23</subfield>
    </datafield>
    <datafield tag="082" ind1=" " ind2=" ">
      <subfield code="a">941.50821</subfield>
    </datafield>
    <datafield tag="100" ind1="1" ind2=" ">
      <subfield code="a">Schmuhl, Robert,</subfield>
      <subfield code="e">author.</subfield>
    </datafield>
    <datafield tag="245" ind1="1" ind2="0">
      <subfield code="a">Ireland's exiled children :</subfield>
      <subfield code="b">America and the easter rising /</subfield>
      <subfield code="c">Robert Schmuhl.</subfield>
    </datafield>
    <datafield tag="264" ind1=" " ind2="1">
      <subfield code="a">New York, New York :</subfield>
      <subfield code="b">Oxford University Press,</subfield>
      <subfield code="c">2016.</subfield>
    </datafield>
    <datafield tag="264" ind1=" " ind2="4">
      <subfield code="c">©2016</subfield>
    </datafield>
    <datafield tag="300" ind1=" " ind2=" ">
      <subfield code="a">1 online resource (250 p.)</subfield>
    </datafield>
    <datafield tag="336" ind1=" " ind2=" ">
      <subfield code="a">text</subfield>
      <subfield code="b">txt</subfield>
    </datafield>
    <datafield tag="337" ind1=" " ind2=" ">
      <subfield code="a">computer</subfield>
      <subfield code="b">c</subfield>
    </datafield>
    <datafield tag="338" ind1=" " ind2=" ">
      <subfield code="a">online resource</subfield>
      <subfield code="b">cr</subfield>
    </datafield>
    <datafield tag="500" ind1=" " ind2=" ">
      <subfield code="a">Description based upon print version of record.</subfield>
    </datafield>
    <datafield tag="546" ind1=" " ind2=" ">
      <subfield code="a">English</subfield>
    </datafield>
    <datafield tag="504" ind1=" " ind2=" ">
      <subfield code="a">Includes bibliographical references and index.</subfield>
    </datafield>
    <datafield tag="588" ind1=" " ind2=" ">
      <subfield code="a">Description based on print version record.</subfield>
    </datafield>
    <datafield tag="505" ind1="0" ind2=" ">
      <subfield code="a">John Devoy: the intrigue of exile -- Joyce Kilmer: the voluntary exile -- Woodrow Wilson: the denial of exile -- ...amon de Valera: the myth of exile.</subfield>
    </datafield>
    <datafield tag="650" ind1=" " ind2="0">
      <subfield code="a">Exiles</subfield>
      <subfield code="z">United States</subfield>
      <subfield code="x">History</subfield>
      <subfield code="y">20th century.</subfield>
    </datafield>
    <datafield tag="650" ind1=" " ind2="0">
      <subfield code="a">Irish question.</subfield>
    </datafield>
    <datafield tag="651" ind1=" " ind2="0">
      <subfield code="a">Ireland</subfield>
      <subfield code="x">History</subfield>
      <subfield code="y">Easter Rising, 1916.</subfield>
    </datafield>
    <datafield tag="651" ind1=" " ind2="0">
      <subfield code="a">United States</subfield>
      <subfield code="x">Relations</subfield>
      <subfield code="z">Ireland.</subfield>
    </datafield>
    <datafield tag="651" ind1=" " ind2="0">
      <subfield code="a">Ireland</subfield>
      <subfield code="x">Relations</subfield>
      <subfield code="z">United States.</subfield>
    </datafield>
    <datafield tag="776" ind1=" " ind2=" ">
      <subfield code="z">0-19-022428-2</subfield>
    </datafield>
    <datafield tag="797" ind1="2" ind2=" ">
      <subfield code="a">elibro, Corp.</subfield>
    </datafield>
    <datafield tag="906" ind1=" " ind2=" ">
      <subfield code="a">BOOK</subfield>
    </datafield>
    <datafield tag="950" ind1=" " ind2=" ">
      <subfield code="c">2024-09-30 04:40:16 US/Eastern</subfield>
      <subfield code="b">2016-02-13 12:39:49 US/Eastern</subfield>
      <subfield code="a">false</subfield>
    </datafield>
    <datafield tag="951" ind1=" " ind2=" ">
      <subfield code="v">2023-05-17 23:55:26 US/Eastern</subfield>
      <subfield code="g">Ebook Central</subfield>
      <subfield code="u">System</subfield>
      <subfield code="t">2021-07-25 13:16:41 US/Eastern</subfield>
      <subfield code="x">https://na05.alma.exlibrisgroup.com/view/uresolver/01PRI_INST/openurl?u.ignore_date_coverage=true&amp;portfolio_pid=53894208300006421&amp;Force_direct=true</subfield>
      <subfield code="s">System</subfield>
      <subfield code="0">53894208300006421</subfield>
      <subfield code="w">2021-07-25 17:16:41</subfield>
      <subfield code="f">false</subfield>
      <subfield code="m">61889859990006421</subfield>
      <subfield code="n">Ebook Central Perpetual, DDA and Subscription Titles</subfield>
      <subfield code="b">param</subfield>
      <subfield code="1">62889859980006421</subfield>
      <subfield code="c">d?u.ignore_date_coverage=true&amp;rft.mms_id=99125354463706421</subfield>
      <subfield code="a">Available</subfield>
      <subfield code="l">614330000000000002</subfield>
      <subfield code="e">BOOK</subfield>
      <subfield code="8">53894208300006421</subfield>
    </datafield>
  </record>