
  <record>
    <leader>02337nam  2200337 a 4500</leader>
    <controlfield tag="001">99125345928706421</controlfield>
    <controlfield tag="005">20200520144314.0</controlfield>
    <controlfield tag="006">m     o  d |      </controlfield>
    <controlfield tag="007">cr cn|||||||||</controlfield>
    <controlfield tag="008">021025s2003    njua    ob   s001 0 eng  </controlfield>
    <datafield tag="020" ind1=" " ind2=" ">
      <subfield code="a">0-8135-6740-8</subfield>
    </datafield>
    <datafield tag="020" ind1=" " ind2=" ">
      <subfield code="a">0-8135-3525-5</subfield>
    </datafield>
    <datafield tag="035" ind1=" " ind2=" ">
      <subfield code="a">(CKB)111087027956150</subfield>
    </datafield>
    <datafield tag="035" ind1=" " ind2=" ">
      <subfield code="a">(OCoLC)54772860</subfield>
    </datafield>
    <datafield tag="035" ind1=" " ind2=" ">
      <subfield code="a">(CaPaEBR)ebrary10075383</subfield>
    </datafield>
    <datafield tag="035" ind1=" " ind2=" ">
      <subfield code="a">(SSID)ssj0000217471</subfield>
    </datafield>
    <datafield tag="035" ind1=" " ind2=" ">
      <subfield code="a">(PQKBManifestationID)11197223</subfield>
    </datafield>
    <datafield tag="035" ind1=" " ind2=" ">
      <subfield code="a">(PQKBTitleCode)TC0000217471</subfield>
    </datafield>
    <datafield tag="035" ind1=" " ind2=" ">
      <subfield code="a">(PQKBWorkID)10203272</subfield>
    </datafield>
    <datafield tag="035" ind1=" " ind2=" ">
      <subfield code="a">(PQKB)10254971</subfield>
    </datafield>
    <datafield tag="035" ind1=" " ind2=" ">
      <subfield code="a">(MiAaPQ)EBC3032129</subfield>
    </datafield>
    <datafield tag="035" ind1=" " ind2=" ">
      <subfield code="a">(Au-PeEL)EBL3032129</subfield>
    </datafield>
    <datafield tag="035" ind1=" " ind2=" ">
      <subfield code="a">(CaPaEBR)ebr10075383</subfield>
    </datafield>
    <datafield tag="035" ind1=" " ind2=" ">
      <subfield code="a">(EXLCZ)99111087027956150</subfield>
    </datafield>
    <datafield tag="040" ind1=" " ind2=" ">
      <subfield code="a">MiAaPQ</subfield>
      <subfield code="b">eng</subfield>
      <subfield code="e">rda</subfield>
      <subfield code="e">pn</subfield>
      <subfield code="c">MiAaPQ</subfield>
      <subfield code="d">MiAaPQ</subfield>
    </datafield>
    <datafield tag="041" ind1=" " ind2=" ">
      <subfield code="a">eng</subfield>
    </datafield>
    <datafield tag="050" ind1=" " ind2="4">
      <subfield code="a">PS253.N5</subfield>
      <subfield code="b">B76 2003</subfield>
    </datafield>
    <datafield tag="082" ind1="0" ind2=" ">
      <subfield code="a">810.9/9749</subfield>
      <subfield code="2">21</subfield>
    </datafield>
    <datafield tag="100" ind1="1" ind2=" ">
      <subfield code="a">Broderick, James F.,</subfield>
      <subfield code="d">1963-</subfield>
    </datafield>
    <datafield tag="245" ind1="1" ind2="0">
      <subfield code="a">Paging New Jersey :</subfield>
      <subfield code="b">a literary guide to the Garden State /</subfield>
      <subfield code="c">James F. Broderick.</subfield>
    </datafield>
    <datafield tag="250" ind1=" " ind2=" ">
      <subfield code="a">1st ed.</subfield>
    </datafield>
    <datafield tag="260" ind1=" " ind2=" ">
      <subfield code="a">New Brunswick, N.J. :</subfield>
      <subfield code="b">Rutgers University Press,</subfield>
      <subfield code="c">c2003.</subfield>
    </datafield>
    <datafield tag="300" ind1=" " ind2=" ">
      <subfield code="a">1 online resource (229 p.) </subfield>
    </datafield>
    <datafield tag="336" ind1=" " ind2=" ">
      <subfield code="a">text</subfield>
      <subfield code="b">txt</subfield>
    </datafield>
    <datafield tag="337" ind1=" " ind2=" ">
      <subfield code="a">computer</subfield>
      <subfield code="b">c</subfield>
    </datafield>
    <datafield tag="338" ind1=" " ind2=" ">
      <subfield code="a">online resource</subfield>
      <subfield code="b">cr</subfield>
    </datafield>
    <datafield tag="500" ind1=" " ind2=" ">
      <subfield code="a">Bibliographic Level Mode of Issuance: Monograph</subfield>
    </datafield>
    <datafield tag="546" ind1=" " ind2=" ">
      <subfield code="a">English</subfield>
    </datafield>
    <datafield tag="504" ind1=" " ind2=" ">
      <subfield code="a">Includes bibliographical references and index.</subfield>
    </datafield>
    <datafield tag="505" ind1="0" ind2=" ">
      <subfield code="a">Philip Freneau -- James Fenimore Cooper -- Mary Griffith -- Walt Whitman -- Mary Mapes Dodge -- Thomas Nast -- Mary Wilkins Freeman -- Stephen Crane -- Albert Payson Terhune -- William Carlos Williams -- Joyce Kilmer -- Allen Ginsberg -- Mary Higgins Clark -- Toni Morrison -- Amiri Baraka -- Joyce Carol Oates -- Peter Benchley -- Anna Quindlen -- Cheaper by the dozen -- Goodbye, Columbus -- The Pine Barrens -- Eddie and the Cruisers -- Jersey luck -- Rosamund's vision -- Laying down the law -- One for the money -- Our guys -- Lost legends of New Jersey -- Searching for Captain Kidd's treasure -- Burr, Hamilton, and the duel of history in Weehawken -- The Lindbergh baby kidnapping -- The Hindenburg disaster -- The trials of Rubin "Hurricane" Carter -- Mobbed in New Jersey -- On the (paper) trail of the New Jersey Devil -- Dodge Poetry Festival -- The New Jersey Literary Hall of Fame -- Stages of greatness: a survey of the history of theater in New Jersey  -- Reaching critical mass in the Garden State -- Stoned in New Jersey.</subfield>
    </datafield>
    <datafield tag="650" ind1=" " ind2="0">
      <subfield code="a">American literature</subfield>
      <subfield code="z">New Jersey</subfield>
      <subfield code="x">History and criticism.</subfield>
    </datafield>
    <datafield tag="650" ind1=" " ind2="0">
      <subfield code="a">Authors, American</subfield>
      <subfield code="x">Homes and haunts</subfield>
      <subfield code="z">New Jersey.</subfield>
    </datafield>
    <datafield tag="650" ind1=" " ind2="0">
      <subfield code="a">Literary landmarks</subfield>
      <subfield code="z">New Jersey.</subfield>
    </datafield>
    <datafield tag="651" ind1=" " ind2="0">
      <subfield code="a">New Jersey</subfield>
      <subfield code="x">Intellectual life.</subfield>
    </datafield>
    <datafield tag="651" ind1=" " ind2="0">
      <subfield code="a">New Jersey</subfield>
      <subfield code="x">In literature.</subfield>
    </datafield>
    <datafield tag="776" ind1=" " ind2=" ">
      <subfield code="z">0-8135-3290-6</subfield>
    </datafield>
    <datafield tag="906" ind1=" " ind2=" ">
      <subfield code="a">BOOK</subfield>
    </datafield>
    <datafield tag="950" ind1=" " ind2=" ">
      <subfield code="c">2024-08-04 20:21:26 US/Eastern</subfield>
      <subfield code="b">2012-02-25 16:35:27 US/Eastern</subfield>
      <subfield code="a">false</subfield>
    </datafield>
    <datafield tag="951" ind1=" " ind2=" ">
      <subfield code="v">2023-05-17 23:56:39 US/Eastern</subfield>
      <subfield code="g">Ebook Central</subfield>
      <subfield code="u">System</subfield>
      <subfield code="t">2021-07-24 23:17:18 US/Eastern</subfield>
      <subfield code="x">https://na05.alma.exlibrisgroup.com/view/uresolver/01PRI_INST/openurl?u.ignore_date_coverage=true&amp;portfolio_pid=53891260570006421&amp;Force_direct=true</subfield>
      <subfield code="s">System</subfield>
      <subfield code="0">53891260570006421</subfield>
      <subfield code="w">2021-07-25 03:17:18</subfield>
      <subfield code="f">false</subfield>
      <subfield code="m">61889859990006421</subfield>
      <subfield code="n">Ebook Central Perpetual, DDA and Subscription Titles</subfield>
      <subfield code="b">param</subfield>
      <subfield code="1">62889859980006421</subfield>
      <subfield code="c">d?u.ignore_date_coverage=true&amp;rft.mms_id=99125345928706421</subfield>
      <subfield code="a">Available</subfield>
      <subfield code="l">614330000000000002</subfield>
      <subfield code="e">BOOK</subfield>
      <subfield code="8">53891260570006421</subfield>
    </datafield>
  </record>