
  <record>
    <leader>03918nas--2200925-a-4500</leader>
    <controlfield tag="001">99125320522206421</controlfield>
    <controlfield tag="005">20241120180622.0</controlfield>
    <controlfield tag="006">m-----o--d--------</controlfield>
    <controlfield tag="007">cr-cnu||||||||</controlfield>
    <controlfield tag="008">960301c18809999dcuwr-pso-----0---a0eng-c</controlfield>
    <datafield tag="010" ind1=" " ind2=" ">
      <subfield code="a">sn 96036234</subfield>
      <subfield code="z">   00227002</subfield>
      <subfield code="z">   00227487</subfield>
    </datafield>
    <datafield tag="016" ind1="7" ind2=" ">
      <subfield code="a">010730516</subfield>
      <subfield code="2">DE-101</subfield>
    </datafield>
    <datafield tag="016" ind1="7" ind2=" ">
      <subfield code="a">000270349</subfield>
      <subfield code="2">IsJJNL</subfield>
    </datafield>
    <datafield tag="022" ind1=" " ind2=" ">
      <subfield code="a">1095-9203</subfield>
    </datafield>
    <datafield tag="030" ind1=" " ind2=" ">
      <subfield code="a">SCIEAS</subfield>
    </datafield>
    <datafield tag="035" ind1=" " ind2=" ">
      <subfield code="a">(DE-599)ZDB2066996-3</subfield>
    </datafield>
    <datafield tag="035" ind1=" " ind2=" ">
      <subfield code="a">(OCoLC)34298537</subfield>
    </datafield>
    <datafield tag="035" ind1=" " ind2=" ">
      <subfield code="a">(CKB)954925443632</subfield>
    </datafield>
    <datafield tag="035" ind1=" " ind2=" ">
      <subfield code="a">(CONSER)sn-96036234-</subfield>
    </datafield>
    <datafield tag="035" ind1=" " ind2=" ">
      <subfield code="a">(EXLCZ)99954925443632</subfield>
    </datafield>
    <datafield tag="037" ind1=" " ind2=" ">
      <subfield code="b">AAAS, 1333 H St., NW, Washington, DC 20005</subfield>
    </datafield>
    <datafield tag="042" ind1=" " ind2=" ">
      <subfield code="a">pcc</subfield>
      <subfield code="a">nsdp</subfield>
      <subfield code="a">dlr</subfield>
    </datafield>
    <datafield tag="050" ind1="1" ind2="0">
      <subfield code="a">ISSN RECORD</subfield>
    </datafield>
    <datafield tag="050" ind1="1" ind2="4">
      <subfield code="a">Q1</subfield>
      <subfield code="b">.S352</subfield>
    </datafield>
    <datafield tag="060" ind1=" " ind2="0">
      <subfield code="a">W1 SC653</subfield>
    </datafield>
    <datafield tag="082" ind1="1" ind2="0">
      <subfield code="a">505</subfield>
      <subfield code="2">12</subfield>
    </datafield>
    <datafield tag="130" ind1="0" ind2=" ">
      <subfield code="a">Science (New York, N.Y. : Online)</subfield>
    </datafield>
    <datafield tag="210" ind1=" " ind2=" ">
      <subfield code="a">SCIENCE MAGAZINE</subfield>
    </datafield>
    <datafield tag="210" ind1=" " ind2=" ">
      <subfield code="a">SCIENCE (WASH D C)</subfield>
    </datafield>
    <datafield tag="210" ind1=" " ind2=" ">
      <subfield code="a">SCIENCE EXPRESS</subfield>
    </datafield>
    <datafield tag="210" ind1=" " ind2=" ">
      <subfield code="a">SCIENCEXPRESS</subfield>
    </datafield>
    <datafield tag="210" ind1="0" ind2=" ">
      <subfield code="a">Sci.</subfield>
      <subfield code="b">(New York, N.Y.)</subfield>
    </datafield>
    <datafield tag="222" ind1=" " ind2="0">
      <subfield code="a">Science</subfield>
      <subfield code="b">(New York, N.Y. : Online)</subfield>
    </datafield>
    <datafield tag="245" ind1="1" ind2="0">
      <subfield code="a">Science.</subfield>
    </datafield>
    <datafield tag="246" ind1="1" ind2=" ">
      <subfield code="i">HTML source title from Science mag. website:</subfield>
      <subfield code="a">Science magazine on-line</subfield>
    </datafield>
    <datafield tag="246" ind1="1" ind2=" ">
      <subfield code="i">Title on introductory screen from Science mag.:</subfield>
      <subfield code="a">Science online</subfield>
    </datafield>
    <datafield tag="246" ind1="3" ind2=" ">
      <subfield code="a">Science on-line</subfield>
    </datafield>
    <datafield tag="246" ind1="3" ind2=" ">
      <subfield code="a">Science magazine online</subfield>
    </datafield>
    <datafield tag="260" ind1=" " ind2=" ">
      <subfield code="3">1880-&lt;1883&gt; :</subfield>
      <subfield code="a">New York, N.Y. :</subfield>
      <subfield code="b">[publisher not identified],</subfield>
      <subfield code="c">1880-</subfield>
    </datafield>
    <datafield tag="260" ind1="2" ind2=" ">
      <subfield code="3">1883-&lt;1944&gt; :</subfield>
      <subfield code="a">Cambridge, Mass. :</subfield>
      <subfield code="b">Science Company, Moses King</subfield>
    </datafield>
    <datafield tag="260" ind1="2" ind2=" ">
      <subfield code="3">1944-&lt;1945&gt; :</subfield>
      <subfield code="a">Lancaster, Pa. :</subfield>
      <subfield code="b">Science Press</subfield>
    </datafield>
    <datafield tag="260" ind1="2" ind2=" ">
      <subfield code="3">1945-&lt;1991&gt; :</subfield>
      <subfield code="a">Lancaster, Pa. :</subfield>
      <subfield code="b">American Association for the Advancement of Science</subfield>
    </datafield>
    <datafield tag="260" ind1="3" ind2=" ">
      <subfield code="3">&lt;Oct. 4, 1991-&gt; :</subfield>
      <subfield code="a">Washington, DC :</subfield>
      <subfield code="b">American Association for the Advancement of Science</subfield>
    </datafield>
    <datafield tag="310" ind1=" " ind2=" ">
      <subfield code="a">Weekly</subfield>
    </datafield>
    <datafield tag="336" ind1=" " ind2=" ">
      <subfield code="a">text</subfield>
      <subfield code="b">txt</subfield>
      <subfield code="2">rdacontent</subfield>
    </datafield>
    <datafield tag="337" ind1=" " ind2=" ">
      <subfield code="a">computer</subfield>
      <subfield code="b">c</subfield>
      <subfield code="2">rdamedia</subfield>
    </datafield>
    <datafield tag="338" ind1=" " ind2=" ">
      <subfield code="a">online resource</subfield>
      <subfield code="b">cr</subfield>
      <subfield code="2">rdacarrier</subfield>
    </datafield>
    <datafield tag="362" ind1="0" ind2=" ">
      <subfield code="a">Vol. 1, no. 1 (July 3, 1880)-v. 3, no. 82 (Mar. 4, 1882); [New ser.] vol. 1, no. 1 (Feb. 9, 1883)-v. 23, no. 581 (Mar. 23, 1894); [2nd ser.] v. 1, no. 1 (Jan. 4, 1895)-</subfield>
    </datafield>
    <datafield tag="500" ind1=" " ind2=" ">
      <subfield code="a">Refereed/Peer-reviewed</subfield>
    </datafield>
    <datafield tag="500" ind1=" " ind2=" ">
      <subfield code="a">Title from pdf title page, (Science Mag. website, viewed March 8, 2007).</subfield>
    </datafield>
    <datafield tag="515" ind1=" " ind2=" ">
      <subfield code="a">None issued for Jan. 7, Jan. 28-Feb. 1882.</subfield>
    </datafield>
    <datafield tag="538" ind1=" " ind2=" ">
      <subfield code="a">Master and use copy. Digital master created according to Biodiversity Heritage Library Digital Imaging Specifications.</subfield>
      <subfield code="u">http://biodivlib.wikispaces.com/Digital+Imaging+Specifications</subfield>
      <subfield code="5">DcWaBHL</subfield>
    </datafield>
    <datafield tag="538" ind1=" " ind2=" ">
      <subfield code="a">Mode of access: World Wide Web.</subfield>
    </datafield>
    <datafield tag="580" ind1=" " ind2=" ">
      <subfield code="a">Volumes for 1911-1913 contain: the Proceedings of the Helminthological Society of Washington, 1st-15th meeting.</subfield>
    </datafield>
    <datafield tag="583" ind1="1" ind2=" ">
      <subfield code="a">digitized</subfield>
      <subfield code="c">2010</subfield>
      <subfield code="h">Biodiversity Heritage Library</subfield>
      <subfield code="l">committed to preserve</subfield>
      <subfield code="5">DcWaBHL</subfield>
      <subfield code="2">pda</subfield>
    </datafield>
    <datafield tag="588" ind1="1" ind2=" ">
      <subfield code="a">Vol. 346, no. 6205 (Oct. 3, 2014) (JSTOR website, viewed October 30, 2020).</subfield>
    </datafield>
    <datafield tag="650" ind1=" " ind2="0">
      <subfield code="a">Science</subfield>
      <subfield code="v">Periodicals.</subfield>
    </datafield>
    <datafield tag="650" ind1=" " ind2="2">
      <subfield code="a">Science</subfield>
    </datafield>
    <datafield tag="650" ind1=" " ind2="2">
      <subfield code="a">Societies, Scientific</subfield>
    </datafield>
    <datafield tag="650" ind1=" " ind2="6">
      <subfield code="a">Sciences</subfield>
      <subfield code="v">Périodiques.</subfield>
    </datafield>
    <datafield tag="650" ind1=" " ind2="7">
      <subfield code="a">Hebdomadaires.</subfield>
      <subfield code="2">eclas</subfield>
    </datafield>
    <datafield tag="650" ind1=" " ind2="7">
      <subfield code="a">Sciences.</subfield>
      <subfield code="2">eclas</subfield>
    </datafield>
    <datafield tag="650" ind1=" " ind2="7">
      <subfield code="a">Science</subfield>
      <subfield code="2">fast</subfield>
    </datafield>
    <datafield tag="650" ind1=" " ind2="7">
      <subfield code="a">Forschung</subfield>
      <subfield code="2">gnd</subfield>
    </datafield>
    <datafield tag="650" ind1=" " ind2="7">
      <subfield code="a">Naturwissenschaften</subfield>
      <subfield code="2">gnd</subfield>
    </datafield>
    <datafield tag="650" ind1="1" ind2="7">
      <subfield code="a">Natuurwetenschappen.</subfield>
      <subfield code="2">gtt</subfield>
    </datafield>
    <datafield tag="650" ind1=" " ind2="7">
      <subfield code="a">Science</subfield>
      <subfield code="v">Periodicals.</subfield>
      <subfield code="2">sears</subfield>
    </datafield>
    <datafield tag="650" ind1=" " ind2="7">
      <subfield code="a">USA</subfield>
      <subfield code="0">(DE-601)091396867</subfield>
      <subfield code="0">(DE-STW)17829-1</subfield>
      <subfield code="2">stw</subfield>
    </datafield>
    <datafield tag="650" ind1=" " ind2="7">
      <subfield code="a">Wirtschaftswissenschaft</subfield>
      <subfield code="0">(DE-601)091401372</subfield>
      <subfield code="0">(DE-STW)10032-2</subfield>
      <subfield code="2">stw</subfield>
    </datafield>
    <datafield tag="650" ind1=" " ind2="7">
      <subfield code="a">Wissenschaftspolitik</subfield>
      <subfield code="0">(DE-601)09140147X</subfield>
      <subfield code="0">(DE-STW)16487-1</subfield>
      <subfield code="2">stw</subfield>
    </datafield>
    <datafield tag="650" ind1=" " ind2="7">
      <subfield code="a">Naturwissenschaft</subfield>
      <subfield code="0">(DE-601)091379644</subfield>
      <subfield code="0">(DE-STW)15664-3</subfield>
      <subfield code="2">stw</subfield>
    </datafield>
    <datafield tag="650" ind1=" " ind2="7">
      <subfield code="a">Wissenschaft</subfield>
      <subfield code="0">(DE-601)091401410</subfield>
      <subfield code="0">(DE-STW)15685-2</subfield>
      <subfield code="2">stw</subfield>
    </datafield>
    <datafield tag="655" ind1=" " ind2="2">
      <subfield code="a">Periodical</subfield>
    </datafield>
    <datafield tag="655" ind1=" " ind2="7">
      <subfield code="a">Periodicals</subfield>
      <subfield code="2">fast</subfield>
    </datafield>
    <datafield tag="655" ind1=" " ind2="7">
      <subfield code="a">Zeitschrift.</subfield>
      <subfield code="0">(DE-588)4067488-5.</subfield>
      <subfield code="2">gnd</subfield>
    </datafield>
    <datafield tag="655" ind1=" " ind2="7">
      <subfield code="a">Periodicals.</subfield>
      <subfield code="2">lcgft</subfield>
    </datafield>
    <datafield tag="655" ind1=" " ind2="7">
      <subfield code="a">Periodicals.</subfield>
      <subfield code="2">rbgenr</subfield>
    </datafield>
    <datafield tag="655" ind1=" " ind2="7">
      <subfield code="a">Zeitschrift.</subfield>
      <subfield code="0">(DE-836)31414</subfield>
      <subfield code="2">swd</subfield>
    </datafield>
    <datafield tag="655" ind1=" " ind2="7">
      <subfield code="a">Elektronische Publikation.</subfield>
      <subfield code="0">(DE-836)35693</subfield>
      <subfield code="2">swd</subfield>
    </datafield>
    <datafield tag="776" ind1=" " ind2=" ">
      <subfield code="x">0036-8075</subfield>
    </datafield>
    <datafield tag="710" ind1="2" ind2=" ">
      <subfield code="a">American Association for the Advancement of Science.</subfield>
    </datafield>
    <datafield tag="950" ind1=" " ind2=" ">
      <subfield code="c">2024-11-24 01:28:27 US/Eastern</subfield>
      <subfield code="b">2012-02-25 17:38:05 US/Eastern</subfield>
      <subfield code="a">false</subfield>
    </datafield>
    <datafield tag="951" ind1=" " ind2=" ">
      <subfield code="v">2024-07-27 06:40:25 US/Eastern</subfield>
      <subfield code="g">ProQuest</subfield>
      <subfield code="u">System</subfield>
      <subfield code="t">2021-07-15 13:54:17 US/Eastern</subfield>
      <subfield code="x">https://na05.alma.exlibrisgroup.com/view/uresolver/01PRI_INST/openurl?u.ignore_date_coverage=true&amp;portfolio_pid=53800489140006421&amp;Force_direct=true</subfield>
      <subfield code="s">SFX</subfield>
      <subfield code="0">53800489140006421</subfield>
      <subfield code="k"> Available from 01/01/1988 volume: 239 until 12/23/2005 volume: 310.</subfield>
      <subfield code="f">true</subfield>
      <subfield code="m">61753489860006421</subfield>
      <subfield code="n">ProQuest Central</subfield>
      <subfield code="b">param</subfield>
      <subfield code="q">998637-princetondb</subfield>
      <subfield code="1">62753504640006421</subfield>
      <subfield code="c">d?u.ignore_date_coverage=true&amp;rft.mms_id=99125320522206421</subfield>
      <subfield code="a">Available</subfield>
      <subfield code="l">613790000000000466</subfield>
      <subfield code="8">53800489140006421</subfield>
    </datafield>
    <datafield tag="953" ind1=" " ind2=" ">
      <subfield code="a">53800489140006421</subfield>
      <subfield code="b">1988</subfield>
      <subfield code="c">2005</subfield>
      <subfield code="d">1</subfield>
      <subfield code="e">12</subfield>
      <subfield code="f">1</subfield>
      <subfield code="g">23</subfield>
      <subfield code="h">239</subfield>
      <subfield code="i">310</subfield>
    </datafield>
    <datafield tag="951" ind1=" " ind2=" ">
      <subfield code="v">2022-04-20 12:30:09 US/Eastern</subfield>
      <subfield code="g">American Association for the Advancement of Science</subfield>
      <subfield code="u">010001224</subfield>
      <subfield code="t">2021-07-15 13:54:17 US/Eastern</subfield>
      <subfield code="x">https://na05.alma.exlibrisgroup.com/view/uresolver/01PRI_INST/openurl?u.ignore_date_coverage=true&amp;portfolio_pid=53800489100006421&amp;Force_direct=true</subfield>
      <subfield code="s">SFX</subfield>
      <subfield code="0">53800489100006421</subfield>
      <subfield code="w">2021-11-01 16:30:09</subfield>
      <subfield code="k"> Available from 1997 volume: 276 issue: 5309.</subfield>
      <subfield code="f">true</subfield>
      <subfield code="m">61753488130006421</subfield>
      <subfield code="n">American Association for the Advancement of Science</subfield>
      <subfield code="b">param</subfield>
      <subfield code="q">27506-princetondb</subfield>
      <subfield code="1">62753514010006421</subfield>
      <subfield code="c">d?u.ignore_date_coverage=true&amp;rft.mms_id=99125320522206421</subfield>
      <subfield code="a">Available</subfield>
      <subfield code="l">611000000000000017</subfield>
      <subfield code="e">JOURNAL</subfield>
      <subfield code="8">53800489100006421</subfield>
    </datafield>
    <datafield tag="953" ind1=" " ind2=" ">
      <subfield code="a">53800489100006421</subfield>
      <subfield code="b">1997</subfield>
      <subfield code="d">1</subfield>
      <subfield code="f">1</subfield>
      <subfield code="h">276</subfield>
      <subfield code="j">5309</subfield>
    </datafield>
    <datafield tag="951" ind1=" " ind2=" ">
      <subfield code="v">2024-07-29 07:57:29 US/Eastern</subfield>
      <subfield code="g">Ezb</subfield>
      <subfield code="u">System</subfield>
      <subfield code="t">2024-07-29 07:57:29 US/Eastern</subfield>
      <subfield code="x">https://na05.alma.exlibrisgroup.com/view/uresolver/01PRI_INST/openurl?u.ignore_date_coverage=true&amp;portfolio_pid=531023934890006421&amp;Force_direct=true</subfield>
      <subfield code="s">electronic inventory creator</subfield>
      <subfield code="0">531023934890006421</subfield>
      <subfield code="w">2024-07-29 11:57:29</subfield>
      <subfield code="k"> Available from 1880 volume: 1 issue: 1 until 1922 volume: 56.</subfield>
      <subfield code="f">false</subfield>
      <subfield code="m">61913212990006421</subfield>
      <subfield code="n">EZB Free E-Journals</subfield>
      <subfield code="b">param</subfield>
      <subfield code="1">62913212980006421</subfield>
      <subfield code="c">d?u.ignore_date_coverage=true&amp;rft.mms_id=99125320522206421</subfield>
      <subfield code="a">Available</subfield>
      <subfield code="l">615280000000001088</subfield>
      <subfield code="8">531023934890006421</subfield>
    </datafield>
    <datafield tag="953" ind1=" " ind2=" ">
      <subfield code="a">531023934890006421</subfield>
      <subfield code="b">1880</subfield>
      <subfield code="c">1922</subfield>
      <subfield code="d">1</subfield>
      <subfield code="e">12</subfield>
      <subfield code="f">1</subfield>
      <subfield code="g">31</subfield>
      <subfield code="h">1</subfield>
      <subfield code="i">56</subfield>
      <subfield code="j">1</subfield>
    </datafield>
    <datafield tag="951" ind1=" " ind2=" ">
      <subfield code="v">2024-08-06 04:30:36 US/Eastern</subfield>
      <subfield code="g">ProQuest</subfield>
      <subfield code="u">System</subfield>
      <subfield code="t">2021-07-15 13:54:17 US/Eastern</subfield>
      <subfield code="x">https://na05.alma.exlibrisgroup.com/view/uresolver/01PRI_INST/openurl?u.ignore_date_coverage=true&amp;portfolio_pid=53800489160006421&amp;Force_direct=true</subfield>
      <subfield code="s">SFX</subfield>
      <subfield code="0">53800489160006421</subfield>
      <subfield code="k"> Available from 01/01/1988 volume: 239 until 12/23/2005 volume: 310.</subfield>
      <subfield code="f">true</subfield>
      <subfield code="m">61753490050006421</subfield>
      <subfield code="n">Social Science Premium Collection</subfield>
      <subfield code="b">param</subfield>
      <subfield code="1">62753504190006421</subfield>
      <subfield code="c">d?u.ignore_date_coverage=true&amp;rft.mms_id=99125320522206421</subfield>
      <subfield code="a">Available</subfield>
      <subfield code="l">613790000000000498</subfield>
      <subfield code="8">53800489160006421</subfield>
    </datafield>
    <datafield tag="953" ind1=" " ind2=" ">
      <subfield code="a">53800489160006421</subfield>
      <subfield code="b">1988</subfield>
      <subfield code="c">2005</subfield>
      <subfield code="d">1</subfield>
      <subfield code="e">12</subfield>
      <subfield code="f">1</subfield>
      <subfield code="g">23</subfield>
      <subfield code="h">239</subfield>
      <subfield code="i">310</subfield>
    </datafield>
    <datafield tag="951" ind1=" " ind2=" ">
      <subfield code="v">2023-07-07 07:37:37 US/Eastern</subfield>
      <subfield code="g">EBSCOhost</subfield>
      <subfield code="u">System</subfield>
      <subfield code="t">2023-07-07 07:37:36 US/Eastern</subfield>
      <subfield code="x">https://na05.alma.exlibrisgroup.com/view/uresolver/01PRI_INST/openurl?u.ignore_date_coverage=true&amp;portfolio_pid=53987673900006421&amp;Force_direct=true</subfield>
      <subfield code="s">electronic inventory creator</subfield>
      <subfield code="0">53987673900006421</subfield>
      <subfield code="w">2023-07-07 11:37:36</subfield>
      <subfield code="k"> Available from 01/05/1990.</subfield>
      <subfield code="f">true</subfield>
      <subfield code="m">61753488630006421</subfield>
      <subfield code="n">EBSCOhost Academic Search Ultimate</subfield>
      <subfield code="b">param</subfield>
      <subfield code="1">62753512700006421</subfield>
      <subfield code="c">d?u.ignore_date_coverage=true&amp;rft.mms_id=99125320522206421</subfield>
      <subfield code="a">Available</subfield>
      <subfield code="l">614340000000000211</subfield>
      <subfield code="e">JOURNAL</subfield>
      <subfield code="8">53987673900006421</subfield>
    </datafield>
    <datafield tag="953" ind1=" " ind2=" ">
      <subfield code="a">53987673900006421</subfield>
      <subfield code="b">1990</subfield>
      <subfield code="d">1</subfield>
      <subfield code="f">5</subfield>
    </datafield>
    <datafield tag="951" ind1=" " ind2=" ">
      <subfield code="v">2024-11-18 14:26:05 US/Eastern</subfield>
      <subfield code="g">Gale</subfield>
      <subfield code="u">System</subfield>
      <subfield code="t">2024-11-18 14:26:05 US/Eastern</subfield>
      <subfield code="x">https://na05.alma.exlibrisgroup.com/view/uresolver/01PRI_INST/openurl?u.ignore_date_coverage=true&amp;portfolio_pid=531033671450006421&amp;Force_direct=true</subfield>
      <subfield code="s">System</subfield>
      <subfield code="0">531033671450006421</subfield>
      <subfield code="w">2024-11-18 19:26:05</subfield>
      <subfield code="k"> Available from 07/22/1983 until 12/23/2005.</subfield>
      <subfield code="f">true</subfield>
      <subfield code="m">611033529330006421</subfield>
      <subfield code="n">Gale In Context: Environmental Studies</subfield>
      <subfield code="b">param</subfield>
      <subfield code="1">621033529320006421</subfield>
      <subfield code="c">d?u.ignore_date_coverage=true&amp;rft.mms_id=99125320522206421</subfield>
      <subfield code="a">Available</subfield>
      <subfield code="l">611000000000002607</subfield>
      <subfield code="8">531033671450006421</subfield>
    </datafield>
    <datafield tag="953" ind1=" " ind2=" ">
      <subfield code="a">531033671450006421</subfield>
      <subfield code="b">1983</subfield>
      <subfield code="c">2005</subfield>
      <subfield code="d">7</subfield>
      <subfield code="e">12</subfield>
      <subfield code="f">22</subfield>
      <subfield code="g">23</subfield>
    </datafield>
    <datafield tag="951" ind1=" " ind2=" ">
      <subfield code="v">2024-01-04 04:25:49 US/Eastern</subfield>
      <subfield code="g">JSTOR</subfield>
      <subfield code="u">System</subfield>
      <subfield code="j">updated parse param to prevent JSTOR links leading to current pub. sites; undo if EL comes up with a global fix --nb, 6/14 / JSTOR journal archives purchased as sep. packages; this combines titles from all; some titles not yet part of packages deactivated</subfield>
      <subfield code="t">2021-07-15 13:54:17 US/Eastern</subfield>
      <subfield code="x">https://na05.alma.exlibrisgroup.com/view/uresolver/01PRI_INST/openurl?u.ignore_date_coverage=true&amp;portfolio_pid=53800489130006421&amp;Force_direct=true</subfield>
      <subfield code="s">SFX</subfield>
      <subfield code="0">53800489130006421</subfield>
      <subfield code="k"> Available from 07/03/1880 volume: 1 issue: 1. Most recent 6 year(s) not available.</subfield>
      <subfield code="f">true</subfield>
      <subfield code="m">61753480830006421</subfield>
      <subfield code="n">JSTOR Complete Journals</subfield>
      <subfield code="b">param</subfield>
      <subfield code="1">62753499120006421</subfield>
      <subfield code="c">d?u.ignore_date_coverage=true&amp;rft.mms_id=99125320522206421</subfield>
      <subfield code="a">Available</subfield>
      <subfield code="l">61111034808820000</subfield>
      <subfield code="e">JOURNAL</subfield>
      <subfield code="8">53800489130006421</subfield>
    </datafield>
    <datafield tag="953" ind1=" " ind2=" ">
      <subfield code="a">53800489130006421</subfield>
      <subfield code="b">1880</subfield>
      <subfield code="d">7</subfield>
      <subfield code="f">3</subfield>
      <subfield code="h">1</subfield>
      <subfield code="j">1</subfield>
    </datafield>
    <datafield tag="954" ind1=" " ind2=" ">
      <subfield code="a">53800489130006421</subfield>
      <subfield code="b">&gt;=</subfield>
      <subfield code="c">6</subfield>
    </datafield>
    <datafield tag="951" ind1=" " ind2=" ">
      <subfield code="v">2024-08-06 04:18:39 US/Eastern</subfield>
      <subfield code="g">ProQuest</subfield>
      <subfield code="u">System</subfield>
      <subfield code="t">2021-07-15 13:54:17 US/Eastern</subfield>
      <subfield code="x">https://na05.alma.exlibrisgroup.com/view/uresolver/01PRI_INST/openurl?u.ignore_date_coverage=true&amp;portfolio_pid=53800489150006421&amp;Force_direct=true</subfield>
      <subfield code="s">SFX</subfield>
      <subfield code="0">53800489150006421</subfield>
      <subfield code="k"> Available from 01/01/1988 volume: 239 until 12/23/2005 volume: 310.</subfield>
      <subfield code="f">true</subfield>
      <subfield code="m">61753490010006421</subfield>
      <subfield code="n">SciTech Premium Collection</subfield>
      <subfield code="b">param</subfield>
      <subfield code="1">62753504260006421</subfield>
      <subfield code="c">d?u.ignore_date_coverage=true&amp;rft.mms_id=99125320522206421</subfield>
      <subfield code="a">Available</subfield>
      <subfield code="l">613790000000000496</subfield>
      <subfield code="8">53800489150006421</subfield>
    </datafield>
    <datafield tag="953" ind1=" " ind2=" ">
      <subfield code="a">53800489150006421</subfield>
      <subfield code="b">1988</subfield>
      <subfield code="c">2005</subfield>
      <subfield code="d">1</subfield>
      <subfield code="e">12</subfield>
      <subfield code="f">1</subfield>
      <subfield code="g">23</subfield>
      <subfield code="h">239</subfield>
      <subfield code="i">310</subfield>
    </datafield>
  </record>