
  <record>
    <leader>-----nas--2200733-a-4500</leader>
    <controlfield tag="001">99125320520206421</controlfield>
    <controlfield tag="005">20230802213018.0</controlfield>
    <controlfield tag="006">m-----o--d--------</controlfield>
    <controlfield tag="007">cr-cnu||||||||</controlfield>
    <controlfield tag="008">980330c19299999njubx-pso-----0---a0eng-c</controlfield>
    <datafield tag="010" ind1=" " ind2=" ">
      <subfield code="a">sn 98007929</subfield>
    </datafield>
    <datafield tag="016" ind1="7" ind2=" ">
      <subfield code="a">2018095-0</subfield>
      <subfield code="2">DE-600</subfield>
    </datafield>
    <datafield tag="022" ind1=" " ind2=" ">
      <subfield code="a">1098-237X</subfield>
    </datafield>
    <datafield tag="035" ind1=" " ind2=" ">
      <subfield code="a">(DE-599)ZDB2018095-0</subfield>
    </datafield>
    <datafield tag="035" ind1=" " ind2=" ">
      <subfield code="a">(OCoLC)38866604</subfield>
    </datafield>
    <datafield tag="035" ind1=" " ind2=" ">
      <subfield code="a">(CKB)954925443634</subfield>
    </datafield>
    <datafield tag="035" ind1=" " ind2=" ">
      <subfield code="a">(CONSER)sn-98007929-</subfield>
    </datafield>
    <datafield tag="035" ind1=" " ind2=" ">
      <subfield code="a">(EXLCZ)99954925443634</subfield>
    </datafield>
    <datafield tag="037" ind1=" " ind2=" ">
      <subfield code="b">Subscription Distribution, c/o, Wiley &amp; Sons, 111 River St., Hoboken, NJ 07030</subfield>
    </datafield>
    <datafield tag="042" ind1=" " ind2=" ">
      <subfield code="a">nsdp</subfield>
      <subfield code="a">pcc</subfield>
    </datafield>
    <datafield tag="050" ind1=" " ind2="4">
      <subfield code="a">Q181.A1</subfield>
      <subfield code="b">S32</subfield>
    </datafield>
    <datafield tag="082" ind1="1" ind2="0">
      <subfield code="a">507</subfield>
      <subfield code="2">13</subfield>
    </datafield>
    <datafield tag="210" ind1=" " ind2=" ">
      <subfield code="a">SCI EDUC</subfield>
    </datafield>
    <datafield tag="210" ind1=" " ind2=" ">
      <subfield code="a">SCI. EDUC</subfield>
    </datafield>
    <datafield tag="210" ind1="0" ind2=" ">
      <subfield code="a">Sci. educ.</subfield>
      <subfield code="b">(Online)</subfield>
    </datafield>
    <datafield tag="222" ind1=" " ind2="0">
      <subfield code="a">Science education</subfield>
      <subfield code="b">(Online)</subfield>
    </datafield>
    <datafield tag="245" ind1="0" ind2="0">
      <subfield code="a">Science education.</subfield>
    </datafield>
    <datafield tag="260" ind1=" " ind2=" ">
      <subfield code="a">[New York, N.Y.] :</subfield>
      <subfield code="b">John Wiley &amp; Sons</subfield>
    </datafield>
    <datafield tag="300" ind1=" " ind2=" ">
      <subfield code="a">1 online resource</subfield>
    </datafield>
    <datafield tag="310" ind1=" " ind2=" ">
      <subfield code="a">6 no. a year,</subfield>
      <subfield code="b">&lt;July 1989-&gt;</subfield>
    </datafield>
    <datafield tag="321" ind1=" " ind2=" ">
      <subfield code="a">Frequency varies,</subfield>
      <subfield code="b">1929-</subfield>
    </datafield>
    <datafield tag="336" ind1=" " ind2=" ">
      <subfield code="a">text</subfield>
      <subfield code="b">txt</subfield>
      <subfield code="2">rdacontent</subfield>
    </datafield>
    <datafield tag="337" ind1=" " ind2=" ">
      <subfield code="a">computer</subfield>
      <subfield code="b">c</subfield>
      <subfield code="2">rdamedia</subfield>
    </datafield>
    <datafield tag="338" ind1=" " ind2=" ">
      <subfield code="a">online resource</subfield>
      <subfield code="b">cr</subfield>
      <subfield code="2">rdacarrier</subfield>
    </datafield>
    <datafield tag="362" ind1="1" ind2=" ">
      <subfield code="a">Print began with vol. 13, no. 4 (May 1929).</subfield>
    </datafield>
    <datafield tag="500" ind1=" " ind2=" ">
      <subfield code="a">Refereed/Peer-reviewed</subfield>
    </datafield>
    <datafield tag="500" ind1=" " ind2=" ">
      <subfield code="a">Published: [Hoboken, N.J.] : Wiley Periodicals, Inc., &lt;2005-&gt;</subfield>
    </datafield>
    <datafield tag="525" ind1=" " ind2=" ">
      <subfield code="a">Some volumes accompanied by supplements.</subfield>
    </datafield>
    <datafield tag="538" ind1=" " ind2=" ">
      <subfield code="a">Mode of access: World Wide Web.</subfield>
    </datafield>
    <datafield tag="550" ind1=" " ind2=" ">
      <subfield code="a">Issued by: National Association for Research in Science Teaching, May 1929-Dec. 1961; by: National Council of Supervisors of Elementary Science, Oct. 1931-Dec. 1935; by: National Council on Elementary Science, 1936-Oct. 1957; by: National Council for Elementary Science, Dec. 1957-Apr. 1958; by: Council of Elementary Science International, Oct. 1958-Feb. 1959; by: Council for Elementary Science International, Mar. 1959-Apr. 1964; by: Science Association of the Middle States, 1933-1954; by: Association for the Education of Teachers in Science, 1957-1961,1972-1975; by: Science Teacher Education Section of the Association for the Education of Teachers in Science, Oct. 1975-</subfield>
    </datafield>
    <datafield tag="580" ind1=" " ind2=" ">
      <subfield code="a">Supplemented by: Summary of research in science education, 1973-1976; absorbed: Summary of research in science education.</subfield>
    </datafield>
    <datafield tag="588" ind1="0" ind2=" ">
      <subfield code="a">Vol. 81, issue 1 (Jan. 1997); title from table of contents screen (Wiley InterScience, viewed: May 10, 2006).</subfield>
    </datafield>
    <datafield tag="588" ind1="1" ind2=" ">
      <subfield code="a">Vol. 106, no. 3 (May 2022) (Wiley Online Library, viewed May 19, 2022)</subfield>
    </datafield>
    <datafield tag="650" ind1=" " ind2="0">
      <subfield code="a">Science</subfield>
      <subfield code="x">Study and teaching</subfield>
      <subfield code="v">Periodicals.</subfield>
    </datafield>
    <datafield tag="650" ind1=" " ind2="6">
      <subfield code="a">Sciences</subfield>
      <subfield code="x">Étude et enseignement</subfield>
      <subfield code="v">Périodiques.</subfield>
    </datafield>
    <datafield tag="650" ind1=" " ind2="7">
      <subfield code="a">Science</subfield>
      <subfield code="x">Study and teaching.</subfield>
      <subfield code="2">fast</subfield>
      <subfield code="0">(OCoLC)fst01108387</subfield>
    </datafield>
    <datafield tag="655" ind1=" " ind2="2">
      <subfield code="a">Periodical</subfield>
    </datafield>
    <datafield tag="655" ind1=" " ind2="7">
      <subfield code="a">periodicals.</subfield>
      <subfield code="2">aat</subfield>
    </datafield>
    <datafield tag="655" ind1=" " ind2="7">
      <subfield code="a">Periodicals.</subfield>
      <subfield code="2">fast</subfield>
      <subfield code="0">(OCoLC)fst01411641</subfield>
    </datafield>
    <datafield tag="655" ind1=" " ind2="7">
      <subfield code="a">Periodicals.</subfield>
      <subfield code="2">lcgft</subfield>
    </datafield>
    <datafield tag="655" ind1=" " ind2="7">
      <subfield code="a">Périodiques.</subfield>
      <subfield code="2">rvmgf</subfield>
    </datafield>
    <datafield tag="776" ind1=" " ind2=" ">
      <subfield code="x">0036-8326</subfield>
    </datafield>
    <datafield tag="780" ind1="0" ind2="0">
      <subfield code="t">General Science Quarterly</subfield>
      <subfield code="w">(CKB)991042732533268</subfield>
      <subfield code="x">2377-0147</subfield>
    </datafield>
    <datafield tag="710" ind1="2" ind2=" ">
      <subfield code="a">National Association for Research in Science Teaching,</subfield>
      <subfield code="e">issuing body.</subfield>
    </datafield>
    <datafield tag="710" ind1="2" ind2=" ">
      <subfield code="a">National Council of Supervisors of Elementary Science (U.S.),</subfield>
      <subfield code="e">issuing body.</subfield>
    </datafield>
    <datafield tag="710" ind1="2" ind2=" ">
      <subfield code="a">National Council on Elementary Science (U.S.),</subfield>
      <subfield code="e">issuing body.</subfield>
    </datafield>
    <datafield tag="710" ind1="2" ind2=" ">
      <subfield code="a">National Council for Elementary Science (U.S.),</subfield>
      <subfield code="e">issuing body.</subfield>
    </datafield>
    <datafield tag="710" ind1="2" ind2=" ">
      <subfield code="a">Council of Elementary Science International,</subfield>
      <subfield code="e">issuing body.</subfield>
    </datafield>
    <datafield tag="710" ind1="2" ind2=" ">
      <subfield code="a">Council for Elementary Science International,</subfield>
      <subfield code="e">issuing body.</subfield>
    </datafield>
    <datafield tag="710" ind1="2" ind2=" ">
      <subfield code="a">Science Association of the Middle States (U.S.),</subfield>
      <subfield code="e">issuing body.</subfield>
    </datafield>
    <datafield tag="710" ind1="2" ind2=" ">
      <subfield code="a">Association for the Education of Teachers in Science,</subfield>
      <subfield code="e">issuing body.</subfield>
    </datafield>
    <datafield tag="710" ind1="2" ind2=" ">
      <subfield code="a">Association for the Education of Teachers in Science.</subfield>
      <subfield code="b">Science Teacher Education Section,</subfield>
      <subfield code="e">issuing body.</subfield>
    </datafield>
    <datafield tag="853" ind1="2" ind2="0">
      <subfield code="8">1</subfield>
      <subfield code="a">v.</subfield>
      <subfield code="b">issue</subfield>
      <subfield code="u">6</subfield>
      <subfield code="v">r</subfield>
      <subfield code="i">(year)</subfield>
      <subfield code="j">(month)</subfield>
      <subfield code="w">6</subfield>
      <subfield code="x">01</subfield>
      <subfield code="y">pm01,03,05,07,09,11</subfield>
    </datafield>
    <datafield tag="863" ind1="4" ind2="1">
      <subfield code="8">1.1</subfield>
      <subfield code="a">&lt;90&gt;</subfield>
      <subfield code="b">&lt;3&gt;</subfield>
      <subfield code="i">&lt;2006&gt;</subfield>
      <subfield code="j">&lt;05&gt;</subfield>
    </datafield>
    <datafield tag="906" ind1=" " ind2=" ">
      <subfield code="a">JOURNAL</subfield>
    </datafield>
    <datafield tag="950" ind1=" " ind2=" ">
      <subfield code="c">2024-10-30 05:59:21 US/Eastern</subfield>
      <subfield code="b">2012-02-25 17:38:22 US/Eastern</subfield>
      <subfield code="a">false</subfield>
    </datafield>
    <datafield tag="951" ind1=" " ind2=" ">
      <subfield code="v">2024-02-27 22:10:17 US/Eastern</subfield>
      <subfield code="g">Wiley Online Library</subfield>
      <subfield code="u">System</subfield>
      <subfield code="t">2021-07-15 13:54:17 US/Eastern</subfield>
      <subfield code="x">https://na05.alma.exlibrisgroup.com/view/uresolver/01PRI_INST/openurl?u.ignore_date_coverage=true&amp;portfolio_pid=53800489230006421&amp;Force_direct=true</subfield>
      <subfield code="s">SFX</subfield>
      <subfield code="0">53800489230006421</subfield>
      <subfield code="k"> Available from 1996.</subfield>
      <subfield code="f">true</subfield>
      <subfield code="m">61753494310006421</subfield>
      <subfield code="n">Wiley Online Library Journals</subfield>
      <subfield code="b">param</subfield>
      <subfield code="1">62753509730006421</subfield>
      <subfield code="c">d?u.ignore_date_coverage=true&amp;rft.mms_id=99125320520206421</subfield>
      <subfield code="a">Available</subfield>
      <subfield code="l">61110974475362507</subfield>
      <subfield code="e">JOURNAL</subfield>
      <subfield code="8">53800489230006421</subfield>
    </datafield>
    <datafield tag="953" ind1=" " ind2=" ">
      <subfield code="a">53800489230006421</subfield>
      <subfield code="b">1996</subfield>
      <subfield code="d">1</subfield>
      <subfield code="f">1</subfield>
    </datafield>
  </record>