
  <record>
    <leader>-----nas--2200433-a-4500</leader>
    <controlfield tag="001">99125309899306421</controlfield>
    <controlfield tag="005">20160907064313.7</controlfield>
    <controlfield tag="006">m-----o--d--------</controlfield>
    <controlfield tag="007">cr-|||||||||||</controlfield>
    <controlfield tag="008">120518c20129999dcuqr-p-o-----0---a0eng--</controlfield>
    <datafield tag="010" ind1=" " ind2=" ">
      <subfield code="a">  2012203096</subfield>
    </datafield>
    <datafield tag="022" ind1=" " ind2=" ">
      <subfield code="a">2167-8626</subfield>
    </datafield>
    <datafield tag="035" ind1=" " ind2=" ">
      <subfield code="a">(OCoLC)793916922</subfield>
    </datafield>
    <datafield tag="035" ind1=" " ind2=" ">
      <subfield code="a">(CKB)2560000000083827</subfield>
    </datafield>
    <datafield tag="035" ind1=" " ind2=" ">
      <subfield code="a">(CONSER)--2012203096</subfield>
    </datafield>
    <datafield tag="035" ind1=" " ind2=" ">
      <subfield code="a">(DE-599)ZDB2683147-8</subfield>
    </datafield>
    <datafield tag="035" ind1=" " ind2=" ">
      <subfield code="a">(EXLCZ)992560000000083827</subfield>
    </datafield>
    <datafield tag="037" ind1=" " ind2=" ">
      <subfield code="b">American Association for the Advancement of Science, 1200 New York Avenue, NW Washington, DC 20005</subfield>
    </datafield>
    <datafield tag="042" ind1=" " ind2=" ">
      <subfield code="a">pcc</subfield>
      <subfield code="a">nsdp</subfield>
    </datafield>
    <datafield tag="050" ind1=" " ind2="4">
      <subfield code="a">JZ1254</subfield>
      <subfield code="b">.S34</subfield>
    </datafield>
    <datafield tag="050" ind1="1" ind2="0">
      <subfield code="a">ISSN RECORD</subfield>
    </datafield>
    <datafield tag="082" ind1="1" ind2="0">
      <subfield code="a">341.7</subfield>
      <subfield code="2">14</subfield>
    </datafield>
    <datafield tag="210" ind1="0" ind2=" ">
      <subfield code="a">Sci. dipl.</subfield>
      <subfield code="b">(Online)</subfield>
    </datafield>
    <datafield tag="222" ind1=" " ind2="0">
      <subfield code="a">Science &amp; diplomacy</subfield>
      <subfield code="b">(Online)</subfield>
    </datafield>
    <datafield tag="245" ind1="0" ind2="0">
      <subfield code="a">Science &amp; diplomacy.</subfield>
    </datafield>
    <datafield tag="246" ind1="1" ind2=" ">
      <subfield code="a">Science and diplomacy</subfield>
    </datafield>
    <datafield tag="260" ind1=" " ind2=" ">
      <subfield code="a">Washington, DC :</subfield>
      <subfield code="b">AAAS Center for Science Diplomacy</subfield>
    </datafield>
    <datafield tag="310" ind1=" " ind2=" ">
      <subfield code="a">Quarterly</subfield>
    </datafield>
    <datafield tag="336" ind1=" " ind2=" ">
      <subfield code="a">text</subfield>
      <subfield code="b">txt</subfield>
      <subfield code="2">rdacontent</subfield>
    </datafield>
    <datafield tag="337" ind1=" " ind2=" ">
      <subfield code="a">computer</subfield>
      <subfield code="b">c</subfield>
      <subfield code="2">rdamedia</subfield>
    </datafield>
    <datafield tag="338" ind1=" " ind2=" ">
      <subfield code="a">online resource</subfield>
      <subfield code="b">cr</subfield>
      <subfield code="2">rdacarrier</subfield>
    </datafield>
    <datafield tag="362" ind1="1" ind2=" ">
      <subfield code="a">Began with vol. 1, no. 1 (Mar. 2012).</subfield>
    </datafield>
    <datafield tag="588" ind1=" " ind2=" ">
      <subfield code="a">Description based on: Vol. 1, no. 1 (Mar. 2012); title from caption (Sciencediplomacy.org, viewed May 18, 2012).</subfield>
    </datafield>
    <datafield tag="588" ind1=" " ind2=" ">
      <subfield code="a">Latest issue consulted: Vol. 1, no. 1 (Mar. 2012) (viewed May 18, 2012).</subfield>
    </datafield>
    <datafield tag="650" ind1=" " ind2="0">
      <subfield code="a">Science and international relations</subfield>
      <subfield code="v">Periodicals.</subfield>
    </datafield>
    <datafield tag="650" ind1=" " ind2="7">
      <subfield code="a">Science and international relations.</subfield>
      <subfield code="2">fast</subfield>
      <subfield code="0">(OCoLC)fst01759575</subfield>
    </datafield>
    <datafield tag="653" ind1=" " ind2=" ">
      <subfield code="a">Science and international relations. Science -- International cooperation -- Periodicals. Diplomacy -- Periodicals.</subfield>
    </datafield>
    <datafield tag="655" ind1=" " ind2="7">
      <subfield code="a">Periodicals.</subfield>
      <subfield code="2">fast</subfield>
      <subfield code="0">(OCoLC)fst01411641</subfield>
    </datafield>
    <datafield tag="776" ind1=" " ind2=" ">
      <subfield code="x">2167-8618</subfield>
    </datafield>
    <datafield tag="710" ind1="2" ind2=" ">
      <subfield code="a">Center for Science Diplomacy.</subfield>
    </datafield>
    <datafield tag="906" ind1=" " ind2=" ">
      <subfield code="a">JOURNAL</subfield>
    </datafield>
    <datafield tag="950" ind1=" " ind2=" ">
      <subfield code="c">2023-02-13 06:08:21 US/Eastern</subfield>
      <subfield code="b">2012-07-15 03:26:02 US/Eastern</subfield>
      <subfield code="a">false</subfield>
    </datafield>
    <datafield tag="951" ind1=" " ind2=" ">
      <subfield code="v">2021-07-15 13:31:05 US/Eastern</subfield>
      <subfield code="g">Free E- Journals</subfield>
      <subfield code="u">System</subfield>
      <subfield code="t">2021-07-15 13:30:54 US/Eastern</subfield>
      <subfield code="x">https://na05.alma.exlibrisgroup.com/view/uresolver/01PRI_INST/openurl?u.ignore_date_coverage=true&amp;portfolio_pid=53798181850006421&amp;Force_direct=true</subfield>
      <subfield code="s">SFX</subfield>
      <subfield code="0">53798181850006421</subfield>
      <subfield code="k"> Available from 2015.</subfield>
      <subfield code="f">false</subfield>
      <subfield code="m">61753494380006421</subfield>
      <subfield code="n">Free E- Journals</subfield>
      <subfield code="b">param</subfield>
      <subfield code="1">62753511020006421</subfield>
      <subfield code="c">d?u.ignore_date_coverage=true&amp;rft.mms_id=99125309899306421</subfield>
      <subfield code="a">Available</subfield>
      <subfield code="l">61110976638852340</subfield>
      <subfield code="8">53798181850006421</subfield>
    </datafield>
    <datafield tag="953" ind1=" " ind2=" ">
      <subfield code="a">53798181850006421</subfield>
      <subfield code="b">2015</subfield>
      <subfield code="d">1</subfield>
      <subfield code="f">1</subfield>
    </datafield>
    <datafield tag="951" ind1=" " ind2=" ">
      <subfield code="v">2022-02-04 14:32:50 US/Eastern</subfield>
      <subfield code="g">Ezb</subfield>
      <subfield code="u">System</subfield>
      <subfield code="t">2022-02-04 14:32:49 US/Eastern</subfield>
      <subfield code="x">https://na05.alma.exlibrisgroup.com/view/uresolver/01PRI_INST/openurl?u.ignore_date_coverage=true&amp;portfolio_pid=53914101650006421&amp;Force_direct=true</subfield>
      <subfield code="s">System</subfield>
      <subfield code="0">53914101650006421</subfield>
      <subfield code="w">2022-02-04 19:32:49</subfield>
      <subfield code="k"> Available from 2012 issue: 1.</subfield>
      <subfield code="f">false</subfield>
      <subfield code="m">61913212990006421</subfield>
      <subfield code="n">EZB Free E-Journals</subfield>
      <subfield code="b">param</subfield>
      <subfield code="1">62913212980006421</subfield>
      <subfield code="c">d?u.ignore_date_coverage=true&amp;rft.mms_id=99125309899306421</subfield>
      <subfield code="a">Available</subfield>
      <subfield code="l">615280000000001088</subfield>
      <subfield code="e">JOURNAL</subfield>
      <subfield code="8">53914101650006421</subfield>
    </datafield>
    <datafield tag="953" ind1=" " ind2=" ">
      <subfield code="a">53914101650006421</subfield>
      <subfield code="b">2012</subfield>
      <subfield code="d">1</subfield>
      <subfield code="f">1</subfield>
      <subfield code="j">1</subfield>
    </datafield>
  </record>