
  <record>
    <leader>-----nas--2200457-i-4500</leader>
    <controlfield tag="001">99125305157306421</controlfield>
    <controlfield tag="005">20240916213021.0</controlfield>
    <controlfield tag="008">150505c20149999ko-uu-p-o-----0----0eng--</controlfield>
    <datafield tag="010" ind1=" " ind2=" ">
      <subfield code="a">  2015243287</subfield>
    </datafield>
    <datafield tag="016" ind1="7" ind2=" ">
      <subfield code="a">101657817</subfield>
      <subfield code="2">DNLM</subfield>
    </datafield>
    <datafield tag="022" ind1=" " ind2=" ">
      <subfield code="a">2288-7474</subfield>
    </datafield>
    <datafield tag="035" ind1=" " ind2=" ">
      <subfield code="a">(OCoLC)911907792</subfield>
    </datafield>
    <datafield tag="035" ind1=" " ind2=" ">
      <subfield code="a">(CKB)4340000000004195</subfield>
    </datafield>
    <datafield tag="035" ind1=" " ind2=" ">
      <subfield code="a">(CONSER)--2015243287</subfield>
    </datafield>
    <datafield tag="035" ind1=" " ind2=" ">
      <subfield code="a">(EXLCZ)994340000000004195</subfield>
    </datafield>
    <datafield tag="042" ind1=" " ind2=" ">
      <subfield code="a">pcc</subfield>
    </datafield>
    <datafield tag="050" ind1="0" ind2="0">
      <subfield code="a">T11.4</subfield>
      <subfield code="b">.S38</subfield>
    </datafield>
    <datafield tag="050" ind1="1" ind2="4">
      <subfield code="a">T11.4</subfield>
    </datafield>
    <datafield tag="060" ind1="0" ind2="0">
      <subfield code="a">W1</subfield>
      <subfield code="b">SC690</subfield>
    </datafield>
    <datafield tag="245" ind1="0" ind2="0">
      <subfield code="a">Science editing.</subfield>
    </datafield>
    <datafield tag="264" ind1=" " ind2="1">
      <subfield code="a">Seoul :</subfield>
      <subfield code="b">Korean Council of Science Editors,</subfield>
      <subfield code="c">[2014]-</subfield>
    </datafield>
    <datafield tag="310" ind1=" " ind2=" ">
      <subfield code="a">Two no. a year</subfield>
    </datafield>
    <datafield tag="336" ind1=" " ind2=" ">
      <subfield code="a">text</subfield>
      <subfield code="b">txt</subfield>
      <subfield code="2">rdacontent</subfield>
    </datafield>
    <datafield tag="337" ind1=" " ind2=" ">
      <subfield code="a">unmediated</subfield>
      <subfield code="b">n</subfield>
      <subfield code="2">rdamedia</subfield>
    </datafield>
    <datafield tag="338" ind1=" " ind2=" ">
      <subfield code="a">volume</subfield>
      <subfield code="b">nc</subfield>
      <subfield code="2">rdacarrier</subfield>
    </datafield>
    <datafield tag="362" ind1="1" ind2=" ">
      <subfield code="a">Began with vol. 1, no. 1 (February 2014).</subfield>
    </datafield>
    <datafield tag="500" ind1=" " ind2=" ">
      <subfield code="a">Refereed/Peer-reviewed</subfield>
    </datafield>
    <datafield tag="506" ind1="0" ind2=" ">
      <subfield code="f">Unrestricted online access</subfield>
      <subfield code="2">star</subfield>
    </datafield>
    <datafield tag="588" ind1="0" ind2=" ">
      <subfield code="a">Vol. 1, no. 1 (February 2014); title from cover.</subfield>
    </datafield>
    <datafield tag="588" ind1="1" ind2=" ">
      <subfield code="a">Vol. 10, no. 2 (August 2023).</subfield>
    </datafield>
    <datafield tag="650" ind1=" " ind2="0">
      <subfield code="a">Technical editing</subfield>
      <subfield code="v">Periodicals.</subfield>
    </datafield>
    <datafield tag="650" ind1=" " ind2="0">
      <subfield code="a">Science publishing</subfield>
      <subfield code="v">Periodicals.</subfield>
    </datafield>
    <datafield tag="650" ind1="1" ind2="2">
      <subfield code="a">Publishing.</subfield>
    </datafield>
    <datafield tag="650" ind1="2" ind2="2">
      <subfield code="a">Science.</subfield>
    </datafield>
    <datafield tag="650" ind1=" " ind2="7">
      <subfield code="a">Science publishing.</subfield>
      <subfield code="2">fast</subfield>
      <subfield code="0">(OCoLC)fst01108763</subfield>
    </datafield>
    <datafield tag="650" ind1=" " ind2="7">
      <subfield code="a">Technical editing.</subfield>
      <subfield code="2">fast</subfield>
      <subfield code="0">(OCoLC)fst01144837</subfield>
    </datafield>
    <datafield tag="655" ind1=" " ind2="2">
      <subfield code="a">Periodicals.</subfield>
    </datafield>
    <datafield tag="655" ind1=" " ind2="7">
      <subfield code="a">Periodicals.</subfield>
      <subfield code="2">fast</subfield>
      <subfield code="0">(OCoLC)fst01411641</subfield>
    </datafield>
    <datafield tag="776" ind1=" " ind2=" ">
      <subfield code="x">2288-8063</subfield>
    </datafield>
    <datafield tag="710" ind1="2" ind2=" ">
      <subfield code="a">Korean Council of Science Editors,</subfield>
      <subfield code="e">issuing body.</subfield>
    </datafield>
    <datafield tag="710" ind1="2" ind2=" ">
      <subfield code="a">Council of Asian Science Editors,</subfield>
      <subfield code="e">issuing body.</subfield>
    </datafield>
    <datafield tag="906" ind1=" " ind2=" ">
      <subfield code="a">JOURNAL</subfield>
    </datafield>
    <datafield tag="950" ind1=" " ind2=" ">
      <subfield code="c">2024-09-28 04:09:52 US/Eastern</subfield>
      <subfield code="b">2016-05-16 01:27:01 US/Eastern</subfield>
      <subfield code="a">false</subfield>
    </datafield>
    <datafield tag="951" ind1=" " ind2=" ">
      <subfield code="v">2021-07-15 13:21:11 US/Eastern</subfield>
      <subfield code="g">ISSN International Centre</subfield>
      <subfield code="u">System</subfield>
      <subfield code="j">free content, so not using proxy; much overlap with other free targets, so deactivated some redundant OPs  --nb, 2/18</subfield>
      <subfield code="t">2021-07-15 13:21:08 US/Eastern</subfield>
      <subfield code="x">https://na05.alma.exlibrisgroup.com/view/uresolver/01PRI_INST/openurl?u.ignore_date_coverage=true&amp;portfolio_pid=53797153540006421&amp;Force_direct=true</subfield>
      <subfield code="s">SFX</subfield>
      <subfield code="0">53797153540006421</subfield>
      <subfield code="k"> Available from 2013.</subfield>
      <subfield code="f">false</subfield>
      <subfield code="m">61753482430006421</subfield>
      <subfield code="n">ROAD: Directory of Open Access Scholarly Resources</subfield>
      <subfield code="b">param</subfield>
      <subfield code="1">62753514690006421</subfield>
      <subfield code="c">d?u.ignore_date_coverage=true&amp;rft.mms_id=99125305157306421</subfield>
      <subfield code="a">Available</subfield>
      <subfield code="l">614340000000000354</subfield>
      <subfield code="e">JOURNAL</subfield>
      <subfield code="8">53797153540006421</subfield>
    </datafield>
    <datafield tag="953" ind1=" " ind2=" ">
      <subfield code="a">53797153540006421</subfield>
      <subfield code="b">2013</subfield>
      <subfield code="d">1</subfield>
      <subfield code="f">1</subfield>
    </datafield>
    <datafield tag="951" ind1=" " ind2=" ">
      <subfield code="v">2023-03-20 23:16:19 US/Eastern</subfield>
      <subfield code="g">DOAJ Directory of Open Access Journals</subfield>
      <subfield code="u">System</subfield>
      <subfield code="j">DOAJ no longer provides coverage information to ExL, so all thresholds removed; added note to help with dead-end links. --nb, 5/21</subfield>
      <subfield code="t">2021-07-15 13:21:08 US/Eastern</subfield>
      <subfield code="x">https://na05.alma.exlibrisgroup.com/view/uresolver/01PRI_INST/openurl?u.ignore_date_coverage=true&amp;portfolio_pid=53797153530006421&amp;Force_direct=true</subfield>
      <subfield code="s">SFX</subfield>
      <subfield code="0">53797153530006421</subfield>
      <subfield code="k"> Available from 2014.</subfield>
      <subfield code="f">false</subfield>
      <subfield code="m">61753485870006421</subfield>
      <subfield code="n">DOAJ Open Access Journals</subfield>
      <subfield code="b">param</subfield>
      <subfield code="1">62753501660006421</subfield>
      <subfield code="c">d?u.ignore_date_coverage=true&amp;rft.mms_id=99125305157306421</subfield>
      <subfield code="a">Available</subfield>
      <subfield code="l">61111061245432000</subfield>
      <subfield code="e">JOURNAL</subfield>
      <subfield code="8">53797153530006421</subfield>
    </datafield>
    <datafield tag="953" ind1=" " ind2=" ">
      <subfield code="a">53797153530006421</subfield>
      <subfield code="b">2014</subfield>
      <subfield code="d">1</subfield>
      <subfield code="f">1</subfield>
    </datafield>
  </record>