
  <record>
    <leader>-----nas--2200469-a-4500</leader>
    <controlfield tag="001">99125291679006421</controlfield>
    <controlfield tag="005">20240203213017.0</controlfield>
    <controlfield tag="006">m-----o--d--------</controlfield>
    <controlfield tag="007">cr-un|||||||||</controlfield>
    <controlfield tag="008">060425d19882012fi-fr-pso-----0----0eng-c</controlfield>
    <datafield tag="010" ind1=" " ind2=" ">
      <subfield code="a">  2008242250</subfield>
    </datafield>
    <datafield tag="016" ind1="7" ind2=" ">
      <subfield code="a">2095346-X</subfield>
      <subfield code="2">DE-600</subfield>
    </datafield>
    <datafield tag="022" ind1=" " ind2=" ">
      <subfield code="a">1799-8840</subfield>
    </datafield>
    <datafield tag="035" ind1=" " ind2=" ">
      <subfield code="a">(DE-599)ZDB2095346-X</subfield>
    </datafield>
    <datafield tag="035" ind1=" " ind2=" ">
      <subfield code="a">(OCoLC)67618581</subfield>
    </datafield>
    <datafield tag="035" ind1=" " ind2=" ">
      <subfield code="a">(CKB)960239060753</subfield>
    </datafield>
    <datafield tag="035" ind1=" " ind2=" ">
      <subfield code="a">(CONSER)--2008242250</subfield>
    </datafield>
    <datafield tag="035" ind1=" " ind2=" ">
      <subfield code="a">(EXLCZ)99960239060753</subfield>
    </datafield>
    <datafield tag="042" ind1=" " ind2=" ">
      <subfield code="a">pcc</subfield>
    </datafield>
    <datafield tag="050" ind1="1" ind2="4">
      <subfield code="a">Q60.2</subfield>
      <subfield code="b">.F56</subfield>
    </datafield>
    <datafield tag="130" ind1="0" ind2=" ">
      <subfield code="a">Science studies (Helsinki, Finland : Online)</subfield>
    </datafield>
    <datafield tag="210" ind1=" " ind2=" ">
      <subfield code="a">SCIENCE STUDIES : AN INTERDISCIPLINARY JOURNAL FOR SCIENCE &amp; TECHNOLOGY STUDIES</subfield>
    </datafield>
    <datafield tag="210" ind1=" " ind2=" ">
      <subfield code="a">SCIENCE STUDIES</subfield>
    </datafield>
    <datafield tag="210" ind1=" " ind2=" ">
      <subfield code="a">SCI STUD</subfield>
    </datafield>
    <datafield tag="245" ind1="1" ind2="0">
      <subfield code="a">Science studies.</subfield>
    </datafield>
    <datafield tag="260" ind1=" " ind2=" ">
      <subfield code="a">Helsinki :</subfield>
      <subfield code="b">Finnish Society for Science Studies</subfield>
    </datafield>
    <datafield tag="310" ind1=" " ind2=" ">
      <subfield code="a">Semiannual</subfield>
    </datafield>
    <datafield tag="336" ind1=" " ind2=" ">
      <subfield code="a">text</subfield>
      <subfield code="b">txt</subfield>
      <subfield code="2">rdacontent</subfield>
    </datafield>
    <datafield tag="337" ind1=" " ind2=" ">
      <subfield code="a">computer</subfield>
      <subfield code="b">c</subfield>
      <subfield code="2">rdamedia</subfield>
    </datafield>
    <datafield tag="338" ind1=" " ind2=" ">
      <subfield code="a">online resource</subfield>
      <subfield code="b">cr</subfield>
      <subfield code="2">rdacarrier</subfield>
    </datafield>
    <datafield tag="362" ind1="0" ind2=" ">
      <subfield code="a">Vol. 1, no. 1 (1988)-</subfield>
    </datafield>
    <datafield tag="362" ind1="1" ind2=" ">
      <subfield code="a">Ceased with: Volume 25, number 1 (2012).</subfield>
    </datafield>
    <datafield tag="500" ind1=" " ind2=" ">
      <subfield code="a">Refereed/Peer-reviewed</subfield>
    </datafield>
    <datafield tag="538" ind1=" " ind2=" ">
      <subfield code="a">Mode of access: World Wide Web.</subfield>
    </datafield>
    <datafield tag="588" ind1=" " ind2=" ">
      <subfield code="a">Description based on first issue; title from journal home page (publisher's Web site, viewed June 18, 2008).</subfield>
    </datafield>
    <datafield tag="588" ind1=" " ind2=" ">
      <subfield code="a">Latest issue consulted: Volume 25, number 1 (2012) (publisher's Web site, viewed July 18, 2013).</subfield>
    </datafield>
    <datafield tag="650" ind1=" " ind2="0">
      <subfield code="a">Science</subfield>
      <subfield code="x">Societies, etc.</subfield>
      <subfield code="v">Periodicals.</subfield>
    </datafield>
    <datafield tag="650" ind1=" " ind2="7">
      <subfield code="a">Science</subfield>
      <subfield code="x">Societies, etc.</subfield>
      <subfield code="2">fast</subfield>
      <subfield code="0">(OCoLC)fst01108375</subfield>
    </datafield>
    <datafield tag="650" ind1="1" ind2="7">
      <subfield code="a">Wetenschapsfilosofie.</subfield>
      <subfield code="2">gtt</subfield>
    </datafield>
    <datafield tag="650" ind1="1" ind2="7">
      <subfield code="a">Wetenschapssociologie.</subfield>
      <subfield code="2">gtt</subfield>
    </datafield>
    <datafield tag="655" ind1=" " ind2="7">
      <subfield code="a">Periodicals.</subfield>
      <subfield code="2">fast</subfield>
      <subfield code="0">(OCoLC)fst01411641</subfield>
    </datafield>
    <datafield tag="776" ind1=" " ind2=" ">
      <subfield code="x">0786-3012</subfield>
    </datafield>
    <datafield tag="785" ind1="0" ind2="0">
      <subfield code="t">SCIENCE AND TECHNOLOGY STUDIES</subfield>
      <subfield code="w">(CKB)3340000000001975</subfield>
      <subfield code="x">2243-4690</subfield>
    </datafield>
    <datafield tag="710" ind1="2" ind2=" ">
      <subfield code="a">Finnish Society for Science Studies.</subfield>
    </datafield>
    <datafield tag="906" ind1=" " ind2=" ">
      <subfield code="a">JOURNAL</subfield>
    </datafield>
    <datafield tag="950" ind1=" " ind2=" ">
      <subfield code="c">2024-03-14 11:31:42 US/Eastern</subfield>
      <subfield code="b">2012-02-25 17:09:23 US/Eastern</subfield>
      <subfield code="a">false</subfield>
    </datafield>
    <datafield tag="951" ind1=" " ind2=" ">
      <subfield code="v">2024-08-12 01:53:55 US/Eastern</subfield>
      <subfield code="g">Ezb</subfield>
      <subfield code="u">System</subfield>
      <subfield code="t">2024-08-12 01:53:55 US/Eastern</subfield>
      <subfield code="x">https://na05.alma.exlibrisgroup.com/view/uresolver/01PRI_INST/openurl?u.ignore_date_coverage=true&amp;portfolio_pid=531025277740006421&amp;Force_direct=true</subfield>
      <subfield code="s">electronic inventory creator</subfield>
      <subfield code="0">531025277740006421</subfield>
      <subfield code="w">2024-08-12 05:53:55</subfield>
      <subfield code="k"> Available from 1988 volume: 1 issue: 1 until 2012 volume: 25 issue: 1.</subfield>
      <subfield code="f">false</subfield>
      <subfield code="m">61913212990006421</subfield>
      <subfield code="n">EZB Free E-Journals</subfield>
      <subfield code="b">param</subfield>
      <subfield code="1">62913212980006421</subfield>
      <subfield code="c">d?u.ignore_date_coverage=true&amp;rft.mms_id=99125291679006421</subfield>
      <subfield code="a">Available</subfield>
      <subfield code="l">615280000000001088</subfield>
      <subfield code="e">JOURNAL</subfield>
      <subfield code="8">531025277740006421</subfield>
    </datafield>
    <datafield tag="953" ind1=" " ind2=" ">
      <subfield code="a">531025277740006421</subfield>
      <subfield code="b">1988</subfield>
      <subfield code="c">2012</subfield>
      <subfield code="d">1</subfield>
      <subfield code="e">12</subfield>
      <subfield code="f">1</subfield>
      <subfield code="g">31</subfield>
      <subfield code="h">1</subfield>
      <subfield code="i">25</subfield>
      <subfield code="j">1</subfield>
      <subfield code="k">1</subfield>
    </datafield>
    <datafield tag="951" ind1=" " ind2=" ">
      <subfield code="v">2021-07-15 12:50:20 US/Eastern</subfield>
      <subfield code="g">Free E- Journals</subfield>
      <subfield code="u">System</subfield>
      <subfield code="t">2021-07-15 12:50:14 US/Eastern</subfield>
      <subfield code="x">https://na05.alma.exlibrisgroup.com/view/uresolver/01PRI_INST/openurl?u.ignore_date_coverage=true&amp;portfolio_pid=53794160010006421&amp;Force_direct=true</subfield>
      <subfield code="s">SFX</subfield>
      <subfield code="0">53794160010006421</subfield>
      <subfield code="k"> Available from 1988 volume: 1.</subfield>
      <subfield code="f">false</subfield>
      <subfield code="m">61753494380006421</subfield>
      <subfield code="n">Free E- Journals</subfield>
      <subfield code="b">param</subfield>
      <subfield code="1">62753511020006421</subfield>
      <subfield code="c">d?u.ignore_date_coverage=true&amp;rft.mms_id=99125291679006421</subfield>
      <subfield code="a">Available</subfield>
      <subfield code="l">61110976638852340</subfield>
      <subfield code="e">JOURNAL</subfield>
      <subfield code="8">53794160010006421</subfield>
    </datafield>
    <datafield tag="953" ind1=" " ind2=" ">
      <subfield code="a">53794160010006421</subfield>
      <subfield code="b">1988</subfield>
      <subfield code="d">1</subfield>
      <subfield code="f">1</subfield>
      <subfield code="h">1</subfield>
    </datafield>
    <datafield tag="951" ind1=" " ind2=" ">
      <subfield code="v">2021-07-15 12:50:20 US/Eastern</subfield>
      <subfield code="g">EBSCOhost</subfield>
      <subfield code="u">System</subfield>
      <subfield code="t">2021-07-15 12:50:14 US/Eastern</subfield>
      <subfield code="x">https://na05.alma.exlibrisgroup.com/view/uresolver/01PRI_INST/openurl?u.ignore_date_coverage=true&amp;portfolio_pid=53794160000006421&amp;Force_direct=true</subfield>
      <subfield code="s">SFX</subfield>
      <subfield code="0">53794160000006421</subfield>
      <subfield code="k"> Available from 06/01/1998 until 06/30/2012.</subfield>
      <subfield code="f">true</subfield>
      <subfield code="m">61753493360006421</subfield>
      <subfield code="n">EBSCOhost OmniFile Full Text Mega</subfield>
      <subfield code="b">param</subfield>
      <subfield code="1">62753500640006421</subfield>
      <subfield code="c">d?u.ignore_date_coverage=true&amp;rft.mms_id=99125291679006421</subfield>
      <subfield code="a">Available</subfield>
      <subfield code="l">613450000000000034</subfield>
      <subfield code="e">JOURNAL</subfield>
      <subfield code="8">53794160000006421</subfield>
    </datafield>
    <datafield tag="953" ind1=" " ind2=" ">
      <subfield code="a">53794160000006421</subfield>
      <subfield code="b">1998</subfield>
      <subfield code="c">2012</subfield>
      <subfield code="d">6</subfield>
      <subfield code="e">6</subfield>
      <subfield code="f">1</subfield>
      <subfield code="g">30</subfield>
    </datafield>
    <datafield tag="951" ind1=" " ind2=" ">
      <subfield code="v">2021-07-15 12:50:20 US/Eastern</subfield>
      <subfield code="g">EBSCOhost</subfield>
      <subfield code="u">System</subfield>
      <subfield code="t">2021-07-15 12:50:14 US/Eastern</subfield>
      <subfield code="x">https://na05.alma.exlibrisgroup.com/view/uresolver/01PRI_INST/openurl?u.ignore_date_coverage=true&amp;portfolio_pid=53794159980006421&amp;Force_direct=true</subfield>
      <subfield code="s">SFX</subfield>
      <subfield code="0">53794159980006421</subfield>
      <subfield code="k"> Available from 06/01/1998 until 06/30/2012.</subfield>
      <subfield code="f">true</subfield>
      <subfield code="m">61753488630006421</subfield>
      <subfield code="n">EBSCOhost Academic Search Ultimate</subfield>
      <subfield code="b">param</subfield>
      <subfield code="1">62753512700006421</subfield>
      <subfield code="c">d?u.ignore_date_coverage=true&amp;rft.mms_id=99125291679006421</subfield>
      <subfield code="a">Available</subfield>
      <subfield code="l">614340000000000211</subfield>
      <subfield code="e">JOURNAL</subfield>
      <subfield code="8">53794159980006421</subfield>
    </datafield>
    <datafield tag="953" ind1=" " ind2=" ">
      <subfield code="a">53794159980006421</subfield>
      <subfield code="b">1998</subfield>
      <subfield code="c">2012</subfield>
      <subfield code="d">6</subfield>
      <subfield code="e">6</subfield>
      <subfield code="f">1</subfield>
      <subfield code="g">30</subfield>
    </datafield>
    <datafield tag="951" ind1=" " ind2=" ">
      <subfield code="v">2021-07-15 12:50:20 US/Eastern</subfield>
      <subfield code="g">EBSCOhost</subfield>
      <subfield code="u">System</subfield>
      <subfield code="j">mostly subset of Omnifile, but some unique content --nb, 9/17</subfield>
      <subfield code="t">2021-07-15 12:50:14 US/Eastern</subfield>
      <subfield code="x">https://na05.alma.exlibrisgroup.com/view/uresolver/01PRI_INST/openurl?u.ignore_date_coverage=true&amp;portfolio_pid=53794159990006421&amp;Force_direct=true</subfield>
      <subfield code="s">SFX</subfield>
      <subfield code="0">53794159990006421</subfield>
      <subfield code="k"> Available from 12/01/1988 until 06/30/2012.</subfield>
      <subfield code="f">true</subfield>
      <subfield code="m">61753493350006421</subfield>
      <subfield code="n">EBSCOhost General Science Full Text</subfield>
      <subfield code="b">param</subfield>
      <subfield code="1">62753500690006421</subfield>
      <subfield code="c">d?u.ignore_date_coverage=true&amp;rft.mms_id=99125291679006421</subfield>
      <subfield code="a">Available</subfield>
      <subfield code="l">613450000000000036</subfield>
      <subfield code="e">JOURNAL</subfield>
      <subfield code="8">53794159990006421</subfield>
    </datafield>
    <datafield tag="953" ind1=" " ind2=" ">
      <subfield code="a">53794159990006421</subfield>
      <subfield code="b">1988</subfield>
      <subfield code="c">2012</subfield>
      <subfield code="d">12</subfield>
      <subfield code="e">6</subfield>
      <subfield code="f">1</subfield>
      <subfield code="g">30</subfield>
    </datafield>
  </record>