
  <record>
    <leader>02198nam a2200373 i 4500</leader>
    <controlfield tag="001">99125289678606421</controlfield>
    <controlfield tag="005">20230515190845.0</controlfield>
    <controlfield tag="006">m     o  d        </controlfield>
    <controlfield tag="007">cr |||||||||||</controlfield>
    <controlfield tag="008">230515s2005    enka    ob    001 0 eng d</controlfield>
    <datafield tag="035" ind1=" " ind2=" ">
      <subfield code="a">(CKB)5470000000566416</subfield>
    </datafield>
    <datafield tag="035" ind1=" " ind2=" ">
      <subfield code="a">(NjHacI)995470000000566416</subfield>
    </datafield>
    <datafield tag="035" ind1=" " ind2=" ">
      <subfield code="a">(EXLCZ)995470000000566416</subfield>
    </datafield>
    <datafield tag="040" ind1=" " ind2=" ">
      <subfield code="a">NjHacI</subfield>
      <subfield code="b">eng</subfield>
      <subfield code="e">rda</subfield>
      <subfield code="c">NjHacl</subfield>
    </datafield>
    <datafield tag="043" ind1=" " ind2=" ">
      <subfield code="a">e-uk---</subfield>
    </datafield>
    <datafield tag="050" ind1=" " ind2="4">
      <subfield code="a">Q181</subfield>
      <subfield code="b">.K563 2005</subfield>
    </datafield>
    <datafield tag="082" ind1="0" ind2="4">
      <subfield code="a">507.1241</subfield>
      <subfield code="2">23</subfield>
    </datafield>
    <datafield tag="100" ind1="1" ind2=" ">
      <subfield code="a">Kind, Vanessa,</subfield>
      <subfield code="e">author.</subfield>
    </datafield>
    <datafield tag="245" ind1="1" ind2="0">
      <subfield code="a">Science :</subfield>
      <subfield code="b">teaching school subjects 11-19 /</subfield>
      <subfield code="c">Vanessa Kind and Keith Taber.</subfield>
    </datafield>
    <datafield tag="264" ind1=" " ind2="1">
      <subfield code="a">London ;</subfield>
      <subfield code="a">New York, New York :</subfield>
      <subfield code="b">Taylor &amp; Francis,</subfield>
      <subfield code="c">[2005]</subfield>
    </datafield>
    <datafield tag="264" ind1=" " ind2="4">
      <subfield code="c">©2005</subfield>
    </datafield>
    <datafield tag="300" ind1=" " ind2=" ">
      <subfield code="a">1 online resource (xxii, 277 pages) :</subfield>
      <subfield code="b">illustrations.</subfield>
    </datafield>
    <datafield tag="336" ind1=" " ind2=" ">
      <subfield code="a">text</subfield>
      <subfield code="b">txt</subfield>
      <subfield code="2">rdacontent</subfield>
    </datafield>
    <datafield tag="337" ind1=" " ind2=" ">
      <subfield code="a">computer</subfield>
      <subfield code="b">c</subfield>
      <subfield code="2">rdamedia</subfield>
    </datafield>
    <datafield tag="338" ind1=" " ind2=" ">
      <subfield code="a">online resource</subfield>
      <subfield code="b">cr</subfield>
      <subfield code="2">rdacarrier</subfield>
    </datafield>
    <datafield tag="490" ind1="1" ind2=" ">
      <subfield code="a">Teaching school subjects 11-19 series</subfield>
    </datafield>
    <datafield tag="588" ind1=" " ind2=" ">
      <subfield code="a">Description based on print version record.</subfield>
    </datafield>
    <datafield tag="520" ind1=" " ind2=" ">
      <subfield code="a">In recognizing that new teachers often feel disempowered by the subject expertise they bring into teaching, this book not only covers the training standards for NQTs and the Induction Standards, but takes the reader beyond this by fully exploring issues relating to subject knowledge in learning to teach.Divided into three sections the book covers:framing the subject - defining subject knowledge and focusing on questions about science as a school subjectteaching the subject - looking at pedagogical, curricular and pupil knowledgescience within the profess.</subfield>
    </datafield>
    <datafield tag="504" ind1=" " ind2=" ">
      <subfield code="a">Includes bibliographical references (pages 261-270) and index.</subfield>
    </datafield>
    <datafield tag="505" ind1="0" ind2=" ">
      <subfield code="a">Book Cover -- Title -- Copyright -- Contents -- Illustrations -- Series editors' preface -- Preface -- Acknowledgements -- Glossary -- Chapter 1 Introduction -- Part I Science as a school subject -- Part II Teaching science in the secondary school -- Part III Re.ecting on science learning: the place of educational research -- Coda -- References -- Index.</subfield>
    </datafield>
    <datafield tag="650" ind1=" " ind2="0">
      <subfield code="a">Science</subfield>
      <subfield code="x">Study and teaching (Secondary)</subfield>
    </datafield>
    <datafield tag="650" ind1=" " ind2="0">
      <subfield code="a">Science</subfield>
      <subfield code="x">Study and teaching (Secondary)</subfield>
      <subfield code="z">Great Britain.</subfield>
    </datafield>
    <datafield tag="776" ind1=" " ind2=" ">
      <subfield code="z">1-134-22679-9</subfield>
    </datafield>
    <datafield tag="700" ind1="1" ind2=" ">
      <subfield code="a">Taber, Keith,</subfield>
      <subfield code="e">author.</subfield>
    </datafield>
    <datafield tag="830" ind1=" " ind2="0">
      <subfield code="a">Teaching school subjects 11-19 series.</subfield>
    </datafield>
    <datafield tag="906" ind1=" " ind2=" ">
      <subfield code="a">BOOK</subfield>
    </datafield>
    <datafield tag="950" ind1=" " ind2=" ">
      <subfield code="c">2023-05-26 00:19:07 US/Eastern</subfield>
      <subfield code="b">2021-06-12 16:12:12 US/Eastern</subfield>
      <subfield code="a">false</subfield>
    </datafield>
    <datafield tag="951" ind1=" " ind2=" ">
      <subfield code="v">2024-09-23 07:59:23 US/Eastern</subfield>
      <subfield code="g">OAPEN Open</subfield>
      <subfield code="u">System</subfield>
      <subfield code="t">2024-01-16 06:35:38 US/Eastern</subfield>
      <subfield code="x">https://na05.alma.exlibrisgroup.com/view/uresolver/01PRI_INST/openurl?u.ignore_date_coverage=true&amp;portfolio_pid=531005244520006421&amp;Force_direct=true</subfield>
      <subfield code="s">electronic inventory creator</subfield>
      <subfield code="0">531005244520006421</subfield>
      <subfield code="w">2024-01-16 11:35:38</subfield>
      <subfield code="f">false</subfield>
      <subfield code="m">61753493210006421</subfield>
      <subfield code="n">OAPEN</subfield>
      <subfield code="b">param</subfield>
      <subfield code="1">62753501870006421</subfield>
      <subfield code="c">d?u.ignore_date_coverage=true&amp;rft.mms_id=99125289678606421</subfield>
      <subfield code="a">Available</subfield>
      <subfield code="l">613450000000000043</subfield>
      <subfield code="e">BOOK</subfield>
      <subfield code="8">531005244520006421</subfield>
    </datafield>
    <datafield tag="951" ind1=" " ind2=" ">
      <subfield code="v">2023-06-08 02:41:04 US/Eastern</subfield>
      <subfield code="g">DOAB Directory of Open Access Books</subfield>
      <subfield code="u">System</subfield>
      <subfield code="t">2022-04-17 04:36:19 US/Eastern</subfield>
      <subfield code="x">https://na05.alma.exlibrisgroup.com/view/uresolver/01PRI_INST/openurl?u.ignore_date_coverage=true&amp;portfolio_pid=53925565820006421&amp;Force_direct=true</subfield>
      <subfield code="s">electronic inventory creator</subfield>
      <subfield code="0">53925565820006421</subfield>
      <subfield code="w">2022-04-17 08:36:19</subfield>
      <subfield code="f">false</subfield>
      <subfield code="m">61753493830006421</subfield>
      <subfield code="n">DOAB Directory of Open Access Books</subfield>
      <subfield code="b">param</subfield>
      <subfield code="1">62753505900006421</subfield>
      <subfield code="c">d?u.ignore_date_coverage=true&amp;rft.mms_id=99125289678606421</subfield>
      <subfield code="a">Available</subfield>
      <subfield code="l">613680000000000027</subfield>
      <subfield code="e">BOOK</subfield>
      <subfield code="8">53925565820006421</subfield>
    </datafield>
  </record>