
  <record>
    <leader>00994nam a22002411a 4500</leader>
    <controlfield tag="001">99125282270506421</controlfield>
    <controlfield tag="005">20191112152420.0</controlfield>
    <controlfield tag="006">m    g   d        </controlfield>
    <controlfield tag="007">cr || |||||a||</controlfield>
    <controlfield tag="008">191112r1911uuuuxx#    go  d||||| | eng d</controlfield>
    <datafield tag="035" ind1=" " ind2=" ">
      <subfield code="a">(UK-CbPIL)2060507</subfield>
    </datafield>
    <datafield tag="035" ind1=" " ind2=" ">
      <subfield code="a">(CKB)4910000000160422</subfield>
    </datafield>
    <datafield tag="035" ind1=" " ind2=" ">
      <subfield code="a">(UK-CbPIL)LION-po-006142</subfield>
    </datafield>
    <datafield tag="035" ind1=" " ind2=" ">
      <subfield code="a">(EXLCZ)994910000000160422</subfield>
    </datafield>
    <datafield tag="040" ind1=" " ind2=" ">
      <subfield code="a">Uk-CbPIL</subfield>
      <subfield code="c">Uk-CbPIL</subfield>
    </datafield>
    <datafield tag="100" ind1="1" ind2=" ">
      <subfield code="a">Kilmer, Joyce</subfield>
    </datafield>
    <datafield tag="245" ind1="1" ind2="0">
      <subfield code="a">Summer Of Love By Joyce Kilmer</subfield>
      <subfield code="h">[electronic resource]</subfield>
    </datafield>
    <datafield tag="260" ind1=" " ind2=" ">
      <subfield code="a">New York :</subfield>
      <subfield code="b">The Baker &amp; Taylor Company,</subfield>
      <subfield code="c">1911.</subfield>
    </datafield>
    <datafield tag="300" ind1=" " ind2=" ">
      <subfield code="a">1 online resource</subfield>
    </datafield>
    <datafield tag="534" ind1=" " ind2=" ">
      <subfield code="p">Transcribed from:</subfield>
      <subfield code="a">Kilmer, Joyce</subfield>
      <subfield code="c">New York, The Baker &amp; Taylor Company, 1911</subfield>
      <subfield code="e">[6], 92 p.</subfield>
      <subfield code="t">Summer Of Love By Joyce Kilmer.</subfield>
    </datafield>
    <datafield tag="500" ind1=" " ind2=" ">
      <subfield code="a">Preliminaries and introductory matter omitted; verse reproduced elsewhere in American Poetry omitted.</subfield>
    </datafield>
    <datafield tag="752" ind1=" " ind2=" ">
      <subfield code="a">United States of America</subfield>
      <subfield code="d">New York.</subfield>
    </datafield>
    <datafield tag="906" ind1=" " ind2=" ">
      <subfield code="a">BOOK</subfield>
    </datafield>
    <datafield tag="950" ind1=" " ind2=" ">
      <subfield code="c">2022-11-06 01:09:06 US/Eastern</subfield>
      <subfield code="b">2019-03-10 11:04:07 US/Eastern</subfield>
      <subfield code="a">false</subfield>
    </datafield>
    <datafield tag="951" ind1=" " ind2=" ">
      <subfield code="v">2021-07-15 12:29:36 US/Eastern</subfield>
      <subfield code="g">ProQuest</subfield>
      <subfield code="u">System</subfield>
      <subfield code="j">Moved activations from old LION Complete target, which is slated for deletion. Of new LION targets, this seems best match for our subscription. --nb, 4/19</subfield>
      <subfield code="t">2021-07-15 12:29:33 US/Eastern</subfield>
      <subfield code="x">https://na05.alma.exlibrisgroup.com/view/uresolver/01PRI_INST/openurl?u.ignore_date_coverage=true&amp;portfolio_pid=53792155440006421&amp;Force_direct=true</subfield>
      <subfield code="s">SFX</subfield>
      <subfield code="0">53792155440006421</subfield>
      <subfield code="f">true</subfield>
      <subfield code="m">61753480140006421</subfield>
      <subfield code="n">Literature Online (LION) – US</subfield>
      <subfield code="b">param</subfield>
      <subfield code="1">62753501430006421</subfield>
      <subfield code="c">d?u.ignore_date_coverage=true&amp;rft.mms_id=99125282270506421</subfield>
      <subfield code="a">Available</subfield>
      <subfield code="l">614910000000000902</subfield>
      <subfield code="e">BOOK</subfield>
      <subfield code="8">53792155440006421</subfield>
    </datafield>
    <datafield tag="951" ind1=" " ind2=" ">
      <subfield code="v">2021-07-15 12:29:36 US/Eastern</subfield>
      <subfield code="g">ProQuest</subfield>
      <subfield code="u">System</subfield>
      <subfield code="t">2021-07-15 12:29:33 US/Eastern</subfield>
      <subfield code="x">https://na05.alma.exlibrisgroup.com/view/uresolver/01PRI_INST/openurl?u.ignore_date_coverage=true&amp;portfolio_pid=53792155430006421&amp;Force_direct=true</subfield>
      <subfield code="s">SFX</subfield>
      <subfield code="0">53792155430006421</subfield>
      <subfield code="f">true</subfield>
      <subfield code="m">61753497390006421</subfield>
      <subfield code="n">American Poetry</subfield>
      <subfield code="b">param</subfield>
      <subfield code="1">62753504810006421</subfield>
      <subfield code="c">d?u.ignore_date_coverage=true&amp;rft.mms_id=99125282270506421</subfield>
      <subfield code="a">Available</subfield>
      <subfield code="l">614940000000000086</subfield>
      <subfield code="e">BOOK</subfield>
      <subfield code="8">53792155430006421</subfield>
    </datafield>
  </record>