
  <record>
    <leader>04644cam##22044293u#4500</leader>
    <controlfield tag="001">99125277866006421</controlfield>
    <controlfield tag="008">220128s2010||||||||||||o|||||||||||engsd</controlfield>
    <datafield tag="035" ind1=" " ind2=" ">
      <subfield code="a">(CKB)3780000000430202</subfield>
    </datafield>
    <datafield tag="035" ind1=" " ind2=" ">
      <subfield code="a">(UtSlPG)34313</subfield>
    </datafield>
    <datafield tag="035" ind1=" " ind2=" ">
      <subfield code="a">(EXLCZ)993780000000430202</subfield>
    </datafield>
    <datafield tag="040" ind1=" " ind2=" ">
      <subfield code="a">UtSlPG</subfield>
      <subfield code="b">eng</subfield>
      <subfield code="c">IL-JeEL</subfield>
    </datafield>
    <datafield tag="041" ind1=" " ind2=" ">
      <subfield code="a">eng</subfield>
    </datafield>
    <datafield tag="100" ind1=" " ind2=" ">
      <subfield code="a">Kilmer, Joyce</subfield>
      <subfield code="d">1886-1918</subfield>
      <subfield code="e">Editor</subfield>
    </datafield>
    <datafield tag="245" ind1="1" ind2="0">
      <subfield code="a">Literature in the Making, by Some of Its Makers</subfield>
    </datafield>
    <datafield tag="246" ind1=" " ind2=" ">
      <subfield code="a">Literature in the Making </subfield>
    </datafield>
    <datafield tag="260" ind1=" " ind2=" ">
      <subfield code="b">Project Gutenberg</subfield>
    </datafield>
    <datafield tag="505" ind1=" " ind2=" ">
      <subfield code="a">War stops literature / William Dean Howells -- The joys of the poor / Kathleen Norris -- National prosperity and art / Booth Tarkington -- Romanticism and American humor / Montague Glass -- The "movies" benefit literature / Rex Beach -- What is genius? by Robert W. Chambers -- Deterioration of the short story / James Lane Allen -- Some harmful influences / Harry Leon Wilson -- The passing of the snob / Edward S. Martin -- Commercializing the sex instinct / Robert Herrick -- Sixteen don'ts for poets / Arthur Guiterman -- Magazines cheapen fiction / George Barr McCutcheon -- Business incompatible with art / Frank H. Spearman -- The novel must go / Will N. Harben -- Literature in the colleges / John Erskine -- City life versus literature / John Burroughs -- "Evasive idealism" in literature / Ellen Glasgow -- "Chocolate fudge" in the magazine / Fannie Hurst -- The new spirit in poetry / Amy Lowell -- A new definition of poetry / Edwin Arlington Robinson -- Let poetry be free / Josephine Preston Peabody -- The heresy of supermanism / Charles Rann Kennedy -- The masque and democracy / Percy MacKaye.</subfield>
    </datafield>
    <datafield tag="542" ind1=" " ind2=" ">
      <subfield code="f">Public domain in the USA.</subfield>
      <subfield code="k">Project Gutenberg</subfield>
      <subfield code="i">2010-11-13</subfield>
    </datafield>
    <datafield tag="650" ind1="1" ind2="4">
      <subfield code="a">Authors</subfield>
      <subfield code="a">American</subfield>
    </datafield>
    <datafield tag="906" ind1=" " ind2=" ">
      <subfield code="a">BOOK</subfield>
    </datafield>
    <datafield tag="950" ind1=" " ind2=" ">
      <subfield code="c">2022-08-15 00:48:50 US/Eastern</subfield>
      <subfield code="b">2017-08-13 03:01:49 US/Eastern</subfield>
      <subfield code="a">false</subfield>
    </datafield>
    <datafield tag="951" ind1=" " ind2=" ">
      <subfield code="v">2022-02-19 17:11:39 US/Eastern</subfield>
      <subfield code="g">Project Gutenberg</subfield>
      <subfield code="u">System</subfield>
      <subfield code="j">free site; not using proxy --nb, 2/18</subfield>
      <subfield code="t">2021-07-15 12:20:56 US/Eastern</subfield>
      <subfield code="x">https://na05.alma.exlibrisgroup.com/view/uresolver/01PRI_INST/openurl?u.ignore_date_coverage=true&amp;portfolio_pid=53791221910006421&amp;Force_direct=true</subfield>
      <subfield code="s">SFX</subfield>
      <subfield code="0">53791221910006421</subfield>
      <subfield code="f">false</subfield>
      <subfield code="m">61753481190006421</subfield>
      <subfield code="n">Project Gutenberg Online Catalog</subfield>
      <subfield code="b">param</subfield>
      <subfield code="1">62753514350006421</subfield>
      <subfield code="c">d?u.ignore_date_coverage=true&amp;rft.mms_id=99125277866006421</subfield>
      <subfield code="a">Available</subfield>
      <subfield code="l">613780000000001569</subfield>
      <subfield code="e">BOOK</subfield>
      <subfield code="8">53791221910006421</subfield>
    </datafield>
  </record>