
  <record>
    <leader>00410cam-a2200157z--4500</leader>
    <controlfield tag="001">99125263987906421</controlfield>
    <controlfield tag="005">20160727154431.0</controlfield>
    <controlfield tag="008">121017u2000uuuuuuuuu-|-o----u|----|eng-d</controlfield>
    <datafield tag="020" ind1=" " ind2=" ">
      <subfield code="a">0-585-01046-3</subfield>
    </datafield>
    <datafield tag="035" ind1=" " ind2=" ">
      <subfield code="a">(CKB)111029787239124</subfield>
    </datafield>
    <datafield tag="035" ind1=" " ind2=" ">
      <subfield code="a">(EXLCZ)99111029787239124</subfield>
    </datafield>
    <datafield tag="100" ind1="1" ind2=" ">
      <subfield code="a">Kilmer, Joyce</subfield>
    </datafield>
    <datafield tag="210" ind1=" " ind2=" ">
      <subfield code="a">TREES AND OTHER POEMS</subfield>
    </datafield>
    <datafield tag="245" ind1=" " ind2=" ">
      <subfield code="a">Trees &amp; Other Poems</subfield>
    </datafield>
    <datafield tag="260" ind1=" " ind2=" ">
      <subfield code="b">Project Gutenberg ; NetLibrary</subfield>
    </datafield>
    <datafield tag="710" ind1="2" ind2=" ">
      <subfield code="a">NetLibrary, Inc.</subfield>
    </datafield>
    <datafield tag="906" ind1=" " ind2=" ">
      <subfield code="a">BOOK</subfield>
    </datafield>
    <datafield tag="950" ind1=" " ind2=" ">
      <subfield code="c">2016-07-27 08:44:32 US/Eastern</subfield>
      <subfield code="b">2012-02-25 19:52:56 US/Eastern</subfield>
      <subfield code="a">false</subfield>
    </datafield>
    <datafield tag="951" ind1=" " ind2=" ">
      <subfield code="v">2024-02-21 19:56:40 US/Eastern</subfield>
      <subfield code="g">EBSCOhost</subfield>
      <subfield code="u">System</subfield>
      <subfield code="t">2021-07-15 11:47:51 US/Eastern</subfield>
      <subfield code="x">https://na05.alma.exlibrisgroup.com/view/uresolver/01PRI_INST/openurl?u.ignore_date_coverage=true&amp;portfolio_pid=53788168130006421&amp;Force_direct=true</subfield>
      <subfield code="s">SFX</subfield>
      <subfield code="0">53788168130006421</subfield>
      <subfield code="f">true</subfield>
      <subfield code="m">61753492160006421</subfield>
      <subfield code="n">EBSCOhost Literary Reference Source</subfield>
      <subfield code="b">param</subfield>
      <subfield code="1">62753503630006421</subfield>
      <subfield code="c">d?u.ignore_date_coverage=true&amp;rft.mms_id=99125263987906421</subfield>
      <subfield code="a">Available</subfield>
      <subfield code="l">611000000000001506</subfield>
      <subfield code="e">BOOK</subfield>
      <subfield code="8">53788168130006421</subfield>
    </datafield>
  </record>