
  <record>
    <leader>01943nas--2200565-a-4500</leader>
    <controlfield tag="001">99125250675606421</controlfield>
    <controlfield tag="005">20241111185210.0</controlfield>
    <controlfield tag="006">m-----o--d--------</controlfield>
    <controlfield tag="007">cr-|||||||||||</controlfield>
    <controlfield tag="008">760812c19669999dcuzr-pso-----0---a0eng-c</controlfield>
    <datafield tag="010" ind1=" " ind2=" ">
      <subfield code="a">  2007265282</subfield>
    </datafield>
    <datafield tag="015" ind1=" " ind2=" ">
      <subfield code="a">GBB430893</subfield>
      <subfield code="2">bnb</subfield>
    </datafield>
    <datafield tag="016" ind1="7" ind2=" ">
      <subfield code="a">2023570-7</subfield>
      <subfield code="2">DE-600</subfield>
    </datafield>
    <datafield tag="016" ind1="7" ind2=" ">
      <subfield code="a">016065053</subfield>
      <subfield code="2">Uk</subfield>
    </datafield>
    <datafield tag="022" ind1=" " ind2=" ">
      <subfield code="a">1943-0930</subfield>
    </datafield>
    <datafield tag="035" ind1=" " ind2=" ">
      <subfield code="a">(OCoLC)173432190</subfield>
    </datafield>
    <datafield tag="035" ind1=" " ind2=" ">
      <subfield code="a">(CKB)954927572871</subfield>
    </datafield>
    <datafield tag="035" ind1=" " ind2=" ">
      <subfield code="a">(CONSER)--2007265282</subfield>
    </datafield>
    <datafield tag="035" ind1=" " ind2=" ">
      <subfield code="a">(EXLCZ)99954927572871</subfield>
    </datafield>
    <datafield tag="037" ind1=" " ind2=" ">
      <subfield code="b">John Wiley &amp; Sons, Journals Customer Service, 111 River St., Hoboken NJ 07630</subfield>
    </datafield>
    <datafield tag="042" ind1=" " ind2=" ">
      <subfield code="a">pcc</subfield>
      <subfield code="a">nsdp</subfield>
    </datafield>
    <datafield tag="050" ind1="0" ind2="0">
      <subfield code="a">Q1</subfield>
    </datafield>
    <datafield tag="060" ind1=" " ind2="4">
      <subfield code="a">INTERNET</subfield>
    </datafield>
    <datafield tag="070" ind1="0" ind2=" ">
      <subfield code="a">470</subfield>
      <subfield code="b">Sci24</subfield>
    </datafield>
    <datafield tag="082" ind1="1" ind2="0">
      <subfield code="a">505</subfield>
      <subfield code="2">14</subfield>
    </datafield>
    <datafield tag="210" ind1=" " ind2=" ">
      <subfield code="a">SCIENCE NEWS THE WEEKLY NEWSMAGAZINE OF SCIENCE</subfield>
    </datafield>
    <datafield tag="210" ind1=" " ind2=" ">
      <subfield code="a">SCI NEWS</subfield>
    </datafield>
    <datafield tag="210" ind1="0" ind2=" ">
      <subfield code="a">Sci. news</subfield>
      <subfield code="b">(Washington : Online)</subfield>
    </datafield>
    <datafield tag="222" ind1=" " ind2="0">
      <subfield code="a">Science news</subfield>
      <subfield code="b">(Washington : Online)</subfield>
    </datafield>
    <datafield tag="245" ind1="0" ind2="0">
      <subfield code="a">Science news.</subfield>
    </datafield>
    <datafield tag="260" ind1=" " ind2=" ">
      <subfield code="a">Washington, D.C. :</subfield>
      <subfield code="b">Science Service</subfield>
    </datafield>
    <datafield tag="264" ind1="3" ind2="1">
      <subfield code="a">[Washington, D.C.] :</subfield>
      <subfield code="b">Society for Science &amp; The Public</subfield>
    </datafield>
    <datafield tag="300" ind1=" " ind2=" ">
      <subfield code="a">1 online resource</subfield>
    </datafield>
    <datafield tag="310" ind1=" " ind2=" ">
      <subfield code="a">Twenty-three no. a year,</subfield>
      <subfield code="b">2018-</subfield>
    </datafield>
    <datafield tag="321" ind1=" " ind2=" ">
      <subfield code="a">Biweekly,</subfield>
      <subfield code="b">-2017</subfield>
    </datafield>
    <datafield tag="336" ind1=" " ind2=" ">
      <subfield code="a">text</subfield>
      <subfield code="b">txt</subfield>
      <subfield code="2">rdacontent</subfield>
    </datafield>
    <datafield tag="337" ind1=" " ind2=" ">
      <subfield code="a">computer</subfield>
      <subfield code="b">c</subfield>
      <subfield code="2">rdamedia</subfield>
    </datafield>
    <datafield tag="338" ind1=" " ind2=" ">
      <subfield code="a">online resource</subfield>
      <subfield code="b">cr</subfield>
      <subfield code="2">rdacarrier</subfield>
    </datafield>
    <datafield tag="362" ind1="1" ind2=" ">
      <subfield code="a">Began with: Vol. 89, no. 11 (Mar. 12, 1966).</subfield>
    </datafield>
    <datafield tag="588" ind1=" " ind2=" ">
      <subfield code="a">Description based on first issue; title from cover (JSTOR, viewed Oct. 31, 2007).</subfield>
    </datafield>
    <datafield tag="588" ind1=" " ind2=" ">
      <subfield code="a">Latest issue consulted: Vol. 200, issue 4 (August 28, 2021) (ScienceNews.org, viewed Sept. 10, 2021).</subfield>
    </datafield>
    <datafield tag="650" ind1=" " ind2="0">
      <subfield code="a">Science</subfield>
      <subfield code="v">Periodicals.</subfield>
    </datafield>
    <datafield tag="650" ind1=" " ind2="2">
      <subfield code="a">Science.</subfield>
    </datafield>
    <datafield tag="650" ind1=" " ind2="2">
      <subfield code="a">Technology.</subfield>
    </datafield>
    <datafield tag="650" ind1=" " ind2="7">
      <subfield code="a">Science.</subfield>
      <subfield code="2">fast</subfield>
      <subfield code="0">(OCoLC)fst01108176</subfield>
    </datafield>
    <datafield tag="655" ind1=" " ind2="7">
      <subfield code="a">Periodicals.</subfield>
      <subfield code="2">fast</subfield>
      <subfield code="0">(OCoLC)fst01411641</subfield>
    </datafield>
    <datafield tag="655" ind1=" " ind2="7">
      <subfield code="a">Periodicals.</subfield>
      <subfield code="2">lcgft</subfield>
    </datafield>
    <datafield tag="780" ind1="0" ind2="0">
      <subfield code="t">The Science News-Letter</subfield>
      <subfield code="w">(CKB)991042723388248</subfield>
      <subfield code="w">(DLC)37018541</subfield>
      <subfield code="w">(OCoLC)175290688</subfield>
      <subfield code="x">2326-1285</subfield>
    </datafield>
    <datafield tag="776" ind1=" " ind2=" ">
      <subfield code="x">0036-8423</subfield>
    </datafield>
    <datafield tag="710" ind1="2" ind2=" ">
      <subfield code="a">Science Service.</subfield>
    </datafield>
    <datafield tag="906" ind1=" " ind2=" ">
      <subfield code="a">JOURNAL</subfield>
    </datafield>
    <datafield tag="950" ind1=" " ind2=" ">
      <subfield code="c">2024-11-12 12:20:40 US/Eastern</subfield>
      <subfield code="b">2012-02-25 20:47:32 US/Eastern</subfield>
      <subfield code="a">false</subfield>
    </datafield>
    <datafield tag="951" ind1=" " ind2=" ">
      <subfield code="v">2024-08-06 03:58:17 US/Eastern</subfield>
      <subfield code="g">ProQuest</subfield>
      <subfield code="u">System</subfield>
      <subfield code="t">2021-07-15 11:18:35 US/Eastern</subfield>
      <subfield code="x">https://na05.alma.exlibrisgroup.com/view/uresolver/01PRI_INST/openurl?u.ignore_date_coverage=true&amp;portfolio_pid=53785214130006421&amp;Force_direct=true</subfield>
      <subfield code="s">SFX</subfield>
      <subfield code="0">53785214130006421</subfield>
      <subfield code="k"> Available from 01/04/1992 volume: 141 issue: 1 until 04/18/2015 volume: 187 issue: 8.</subfield>
      <subfield code="f">true</subfield>
      <subfield code="m">61753490010006421</subfield>
      <subfield code="n">SciTech Premium Collection</subfield>
      <subfield code="b">param</subfield>
      <subfield code="1">62753504260006421</subfield>
      <subfield code="c">d?u.ignore_date_coverage=true&amp;rft.mms_id=99125250675606421</subfield>
      <subfield code="a">Available</subfield>
      <subfield code="l">613790000000000496</subfield>
      <subfield code="e">JOURNAL</subfield>
      <subfield code="8">53785214130006421</subfield>
    </datafield>
    <datafield tag="953" ind1=" " ind2=" ">
      <subfield code="a">53785214130006421</subfield>
      <subfield code="b">1992</subfield>
      <subfield code="c">2015</subfield>
      <subfield code="d">1</subfield>
      <subfield code="e">4</subfield>
      <subfield code="f">4</subfield>
      <subfield code="g">18</subfield>
      <subfield code="h">141</subfield>
      <subfield code="i">187</subfield>
      <subfield code="j">1</subfield>
      <subfield code="k">8</subfield>
    </datafield>
    <datafield tag="951" ind1=" " ind2=" ">
      <subfield code="v">2021-07-15 11:18:45 US/Eastern</subfield>
      <subfield code="g">EBSCOhost</subfield>
      <subfield code="u">System</subfield>
      <subfield code="t">2021-07-15 11:18:35 US/Eastern</subfield>
      <subfield code="x">https://na05.alma.exlibrisgroup.com/view/uresolver/01PRI_INST/openurl?u.ignore_date_coverage=true&amp;portfolio_pid=53785214030006421&amp;Force_direct=true</subfield>
      <subfield code="s">SFX</subfield>
      <subfield code="0">53785214030006421</subfield>
      <subfield code="k"> Available from 01/04/1975.</subfield>
      <subfield code="f">true</subfield>
      <subfield code="m">61753488630006421</subfield>
      <subfield code="n">EBSCOhost Academic Search Ultimate</subfield>
      <subfield code="b">param</subfield>
      <subfield code="1">62753512700006421</subfield>
      <subfield code="c">d?u.ignore_date_coverage=true&amp;rft.mms_id=99125250675606421</subfield>
      <subfield code="a">Available</subfield>
      <subfield code="l">614340000000000211</subfield>
      <subfield code="e">JOURNAL</subfield>
      <subfield code="8">53785214030006421</subfield>
    </datafield>
    <datafield tag="953" ind1=" " ind2=" ">
      <subfield code="a">53785214030006421</subfield>
      <subfield code="b">1975</subfield>
      <subfield code="d">1</subfield>
      <subfield code="f">4</subfield>
    </datafield>
    <datafield tag="951" ind1=" " ind2=" ">
      <subfield code="v">2021-07-15 11:18:45 US/Eastern</subfield>
      <subfield code="g">EBSCOhost</subfield>
      <subfield code="u">System</subfield>
      <subfield code="j">mostly subset of Omnifile, but some unique content --nb, 9/17</subfield>
      <subfield code="t">2021-07-15 11:18:35 US/Eastern</subfield>
      <subfield code="x">https://na05.alma.exlibrisgroup.com/view/uresolver/01PRI_INST/openurl?u.ignore_date_coverage=true&amp;portfolio_pid=53785214050006421&amp;Force_direct=true</subfield>
      <subfield code="s">SFX</subfield>
      <subfield code="0">53785214050006421</subfield>
      <subfield code="k"> Available from 08/07/1999.</subfield>
      <subfield code="f">true</subfield>
      <subfield code="m">61753493350006421</subfield>
      <subfield code="n">EBSCOhost General Science Full Text</subfield>
      <subfield code="b">param</subfield>
      <subfield code="1">62753500690006421</subfield>
      <subfield code="c">d?u.ignore_date_coverage=true&amp;rft.mms_id=99125250675606421</subfield>
      <subfield code="a">Available</subfield>
      <subfield code="l">613450000000000036</subfield>
      <subfield code="e">JOURNAL</subfield>
      <subfield code="8">53785214050006421</subfield>
    </datafield>
    <datafield tag="953" ind1=" " ind2=" ">
      <subfield code="a">53785214050006421</subfield>
      <subfield code="b">1999</subfield>
      <subfield code="d">8</subfield>
      <subfield code="f">7</subfield>
    </datafield>
    <datafield tag="951" ind1=" " ind2=" ">
      <subfield code="v">2024-05-02 09:25:38 US/Eastern</subfield>
      <subfield code="g">EBSCOhost</subfield>
      <subfield code="u">System</subfield>
      <subfield code="t">2021-07-15 11:18:35 US/Eastern</subfield>
      <subfield code="x">https://na05.alma.exlibrisgroup.com/view/uresolver/01PRI_INST/openurl?u.ignore_date_coverage=true&amp;portfolio_pid=53785214060006421&amp;Force_direct=true</subfield>
      <subfield code="s">SFX</subfield>
      <subfield code="0">53785214060006421</subfield>
      <subfield code="k"> Available from 06/14/2014.</subfield>
      <subfield code="f">true</subfield>
      <subfield code="m">61753486380006421</subfield>
      <subfield code="n">EBSCOhost MasterFILE Elite</subfield>
      <subfield code="b">param</subfield>
      <subfield code="1">62753503550006421</subfield>
      <subfield code="c">d?u.ignore_date_coverage=true&amp;rft.mms_id=99125250675606421</subfield>
      <subfield code="a">Available</subfield>
      <subfield code="l">61110976112790155</subfield>
      <subfield code="e">JOURNAL</subfield>
      <subfield code="8">53785214060006421</subfield>
    </datafield>
    <datafield tag="953" ind1=" " ind2=" ">
      <subfield code="a">53785214060006421</subfield>
      <subfield code="b">2014</subfield>
      <subfield code="d">6</subfield>
      <subfield code="f">14</subfield>
    </datafield>
    <datafield tag="951" ind1=" " ind2=" ">
      <subfield code="v">2024-03-07 07:49:46 US/Eastern</subfield>
      <subfield code="g">EBSCOhost</subfield>
      <subfield code="u">System</subfield>
      <subfield code="t">2023-06-22 11:37:28 US/Eastern</subfield>
      <subfield code="x">https://na05.alma.exlibrisgroup.com/view/uresolver/01PRI_INST/openurl?u.ignore_date_coverage=true&amp;portfolio_pid=53984475600006421&amp;Force_direct=true</subfield>
      <subfield code="s">electronic inventory creator</subfield>
      <subfield code="0">53984475600006421</subfield>
      <subfield code="w">2023-06-22 15:37:28</subfield>
      <subfield code="k"> Available from 06/14/2014.</subfield>
      <subfield code="f">true</subfield>
      <subfield code="m">61753492130006421</subfield>
      <subfield code="n">EBSCOhost Environment Complete</subfield>
      <subfield code="b">param</subfield>
      <subfield code="1">62753503670006421</subfield>
      <subfield code="c">d?u.ignore_date_coverage=true&amp;rft.mms_id=99125250675606421</subfield>
      <subfield code="a">Available</subfield>
      <subfield code="l">611000000000001503</subfield>
      <subfield code="e">JOURNAL</subfield>
      <subfield code="8">53984475600006421</subfield>
    </datafield>
    <datafield tag="953" ind1=" " ind2=" ">
      <subfield code="a">53984475600006421</subfield>
      <subfield code="b">2014</subfield>
      <subfield code="d">6</subfield>
      <subfield code="f">14</subfield>
    </datafield>
    <datafield tag="951" ind1=" " ind2=" ">
      <subfield code="v">2021-07-15 11:18:45 US/Eastern</subfield>
      <subfield code="g">JSTOR</subfield>
      <subfield code="u">System</subfield>
      <subfield code="j">updated parse param to prevent JSTOR links leading to current pub. sites; undo if EL comes up with a global fix --nb, 6/14 / JSTOR journal archives purchased as sep. packages; this combines titles from all; some titles not yet part of packages deactivated</subfield>
      <subfield code="t">2021-07-15 11:18:35 US/Eastern</subfield>
      <subfield code="x">https://na05.alma.exlibrisgroup.com/view/uresolver/01PRI_INST/openurl?u.ignore_date_coverage=true&amp;portfolio_pid=53785214110006421&amp;Force_direct=true</subfield>
      <subfield code="s">SFX</subfield>
      <subfield code="0">53785214110006421</subfield>
      <subfield code="k"> Available from 1966 volume: 89 issue: 11 until 2014 volume: 186 issue: 13.</subfield>
      <subfield code="f">true</subfield>
      <subfield code="m">61753480830006421</subfield>
      <subfield code="n">JSTOR Complete Journals</subfield>
      <subfield code="b">param</subfield>
      <subfield code="1">62753499120006421</subfield>
      <subfield code="c">d?u.ignore_date_coverage=true&amp;rft.mms_id=99125250675606421</subfield>
      <subfield code="a">Available</subfield>
      <subfield code="l">61111034808820000</subfield>
      <subfield code="e">JOURNAL</subfield>
      <subfield code="8">53785214110006421</subfield>
    </datafield>
    <datafield tag="953" ind1=" " ind2=" ">
      <subfield code="a">53785214110006421</subfield>
      <subfield code="b">1966</subfield>
      <subfield code="c">2014</subfield>
      <subfield code="d">1</subfield>
      <subfield code="e">12</subfield>
      <subfield code="f">1</subfield>
      <subfield code="g">31</subfield>
      <subfield code="h">89</subfield>
      <subfield code="i">186</subfield>
      <subfield code="j">11</subfield>
      <subfield code="k">13</subfield>
    </datafield>
    <datafield tag="951" ind1=" " ind2=" ">
      <subfield code="v">2021-07-15 11:18:45 US/Eastern</subfield>
      <subfield code="g">Wiley Online Library</subfield>
      <subfield code="u">System</subfield>
      <subfield code="t">2021-07-15 11:18:35 US/Eastern</subfield>
      <subfield code="x">https://na05.alma.exlibrisgroup.com/view/uresolver/01PRI_INST/openurl?u.ignore_date_coverage=true&amp;portfolio_pid=53785214150006421&amp;Force_direct=true</subfield>
      <subfield code="s">SFX</subfield>
      <subfield code="0">53785214150006421</subfield>
      <subfield code="k"> Available from 2005 volume: 167 issue: 1 until 2015 volume: 188 issue: 8.</subfield>
      <subfield code="f">true</subfield>
      <subfield code="m">61753494310006421</subfield>
      <subfield code="n">Wiley Online Library Journals</subfield>
      <subfield code="b">param</subfield>
      <subfield code="1">62753509730006421</subfield>
      <subfield code="c">d?u.ignore_date_coverage=true&amp;rft.mms_id=99125250675606421</subfield>
      <subfield code="a">Available</subfield>
      <subfield code="l">61110974475362507</subfield>
      <subfield code="e">JOURNAL</subfield>
      <subfield code="8">53785214150006421</subfield>
    </datafield>
    <datafield tag="953" ind1=" " ind2=" ">
      <subfield code="a">53785214150006421</subfield>
      <subfield code="b">2005</subfield>
      <subfield code="c">2015</subfield>
      <subfield code="d">1</subfield>
      <subfield code="e">12</subfield>
      <subfield code="f">1</subfield>
      <subfield code="g">31</subfield>
      <subfield code="h">167</subfield>
      <subfield code="i">188</subfield>
      <subfield code="j">1</subfield>
      <subfield code="k">8</subfield>
    </datafield>
    <datafield tag="951" ind1=" " ind2=" ">
      <subfield code="v">2021-07-15 11:18:45 US/Eastern</subfield>
      <subfield code="g">Free E- Journals</subfield>
      <subfield code="u">System</subfield>
      <subfield code="t">2021-07-15 11:18:35 US/Eastern</subfield>
      <subfield code="x">https://na05.alma.exlibrisgroup.com/view/uresolver/01PRI_INST/openurl?u.ignore_date_coverage=true&amp;portfolio_pid=53785214100006421&amp;Force_direct=true</subfield>
      <subfield code="s">SFX</subfield>
      <subfield code="0">53785214100006421</subfield>
      <subfield code="k"> Most recent 1 year(s) available.</subfield>
      <subfield code="f">false</subfield>
      <subfield code="m">61753494380006421</subfield>
      <subfield code="n">Free E- Journals</subfield>
      <subfield code="b">param</subfield>
      <subfield code="1">62753511020006421</subfield>
      <subfield code="c">d?u.ignore_date_coverage=true&amp;rft.mms_id=99125250675606421</subfield>
      <subfield code="a">Available</subfield>
      <subfield code="l">61110976638852340</subfield>
      <subfield code="e">JOURNAL</subfield>
      <subfield code="8">53785214100006421</subfield>
    </datafield>
    <datafield tag="954" ind1=" " ind2=" ">
      <subfield code="a">53785214100006421</subfield>
      <subfield code="b">&lt;=</subfield>
      <subfield code="c">1</subfield>
    </datafield>
    <datafield tag="951" ind1=" " ind2=" ">
      <subfield code="v">2024-07-27 05:06:59 US/Eastern</subfield>
      <subfield code="g">ProQuest</subfield>
      <subfield code="u">System</subfield>
      <subfield code="t">2021-07-15 11:18:35 US/Eastern</subfield>
      <subfield code="x">https://na05.alma.exlibrisgroup.com/view/uresolver/01PRI_INST/openurl?u.ignore_date_coverage=true&amp;portfolio_pid=53785214120006421&amp;Force_direct=true</subfield>
      <subfield code="s">SFX</subfield>
      <subfield code="0">53785214120006421</subfield>
      <subfield code="k"> Available from 01/04/1992 volume: 141 issue: 1 until 04/18/2015 volume: 187 issue: 8.</subfield>
      <subfield code="f">true</subfield>
      <subfield code="m">61753489860006421</subfield>
      <subfield code="n">ProQuest Central</subfield>
      <subfield code="b">param</subfield>
      <subfield code="q">998637-princetondb</subfield>
      <subfield code="1">62753504640006421</subfield>
      <subfield code="c">d?u.ignore_date_coverage=true&amp;rft.mms_id=99125250675606421</subfield>
      <subfield code="a">Available</subfield>
      <subfield code="l">613790000000000466</subfield>
      <subfield code="e">JOURNAL</subfield>
      <subfield code="8">53785214120006421</subfield>
    </datafield>
    <datafield tag="953" ind1=" " ind2=" ">
      <subfield code="a">53785214120006421</subfield>
      <subfield code="b">1992</subfield>
      <subfield code="c">2015</subfield>
      <subfield code="d">1</subfield>
      <subfield code="e">4</subfield>
      <subfield code="f">4</subfield>
      <subfield code="g">18</subfield>
      <subfield code="h">141</subfield>
      <subfield code="i">187</subfield>
      <subfield code="j">1</subfield>
      <subfield code="k">8</subfield>
    </datafield>
    <datafield tag="951" ind1=" " ind2=" ">
      <subfield code="v">2024-08-06 04:37:57 US/Eastern</subfield>
      <subfield code="g">ProQuest</subfield>
      <subfield code="u">System</subfield>
      <subfield code="t">2021-07-15 11:18:35 US/Eastern</subfield>
      <subfield code="x">https://na05.alma.exlibrisgroup.com/view/uresolver/01PRI_INST/openurl?u.ignore_date_coverage=true&amp;portfolio_pid=53785214140006421&amp;Force_direct=true</subfield>
      <subfield code="s">SFX</subfield>
      <subfield code="0">53785214140006421</subfield>
      <subfield code="k"> Available from 01/04/1992 volume: 141 issue: 1 until 04/18/2015 volume: 187 issue: 8.</subfield>
      <subfield code="f">true</subfield>
      <subfield code="m">61753490050006421</subfield>
      <subfield code="n">Social Science Premium Collection</subfield>
      <subfield code="b">param</subfield>
      <subfield code="1">62753504190006421</subfield>
      <subfield code="c">d?u.ignore_date_coverage=true&amp;rft.mms_id=99125250675606421</subfield>
      <subfield code="a">Available</subfield>
      <subfield code="l">613790000000000498</subfield>
      <subfield code="e">JOURNAL</subfield>
      <subfield code="8">53785214140006421</subfield>
    </datafield>
    <datafield tag="953" ind1=" " ind2=" ">
      <subfield code="a">53785214140006421</subfield>
      <subfield code="b">1992</subfield>
      <subfield code="c">2015</subfield>
      <subfield code="d">1</subfield>
      <subfield code="e">4</subfield>
      <subfield code="f">4</subfield>
      <subfield code="g">18</subfield>
      <subfield code="h">141</subfield>
      <subfield code="i">187</subfield>
      <subfield code="j">1</subfield>
      <subfield code="k">8</subfield>
    </datafield>
    <datafield tag="951" ind1=" " ind2=" ">
      <subfield code="v">2021-07-15 11:18:45 US/Eastern</subfield>
      <subfield code="g">EBSCOhost</subfield>
      <subfield code="u">System</subfield>
      <subfield code="t">2021-07-15 11:18:35 US/Eastern</subfield>
      <subfield code="x">https://na05.alma.exlibrisgroup.com/view/uresolver/01PRI_INST/openurl?u.ignore_date_coverage=true&amp;portfolio_pid=53785214080006421&amp;Force_direct=true</subfield>
      <subfield code="s">SFX</subfield>
      <subfield code="0">53785214080006421</subfield>
      <subfield code="k"> Available from 08/07/1999.</subfield>
      <subfield code="f">true</subfield>
      <subfield code="m">61753493360006421</subfield>
      <subfield code="n">EBSCOhost OmniFile Full Text Mega</subfield>
      <subfield code="b">param</subfield>
      <subfield code="1">62753500640006421</subfield>
      <subfield code="c">d?u.ignore_date_coverage=true&amp;rft.mms_id=99125250675606421</subfield>
      <subfield code="a">Available</subfield>
      <subfield code="l">613450000000000034</subfield>
      <subfield code="e">JOURNAL</subfield>
      <subfield code="8">53785214080006421</subfield>
    </datafield>
    <datafield tag="953" ind1=" " ind2=" ">
      <subfield code="a">53785214080006421</subfield>
      <subfield code="b">1999</subfield>
      <subfield code="d">8</subfield>
      <subfield code="f">7</subfield>
    </datafield>
    <datafield tag="951" ind1=" " ind2=" ">
      <subfield code="v">2021-07-15 11:18:45 US/Eastern</subfield>
      <subfield code="g">EBSCOhost</subfield>
      <subfield code="u">System</subfield>
      <subfield code="j">mostly subset of Omnifile, but some unique content --nb, 9/17</subfield>
      <subfield code="t">2021-07-15 11:18:35 US/Eastern</subfield>
      <subfield code="x">https://na05.alma.exlibrisgroup.com/view/uresolver/01PRI_INST/openurl?u.ignore_date_coverage=true&amp;portfolio_pid=53785214090006421&amp;Force_direct=true</subfield>
      <subfield code="s">SFX</subfield>
      <subfield code="0">53785214090006421</subfield>
      <subfield code="k"> Available from 08/07/1999.</subfield>
      <subfield code="f">true</subfield>
      <subfield code="m">61753489150006421</subfield>
      <subfield code="n">EBSCOhost Reader's Guide Full Text Mega</subfield>
      <subfield code="b">param</subfield>
      <subfield code="1">62753501820006421</subfield>
      <subfield code="c">d?u.ignore_date_coverage=true&amp;rft.mms_id=99125250675606421</subfield>
      <subfield code="a">Available</subfield>
      <subfield code="l">613450000000000050</subfield>
      <subfield code="e">JOURNAL</subfield>
      <subfield code="8">53785214090006421</subfield>
    </datafield>
    <datafield tag="953" ind1=" " ind2=" ">
      <subfield code="a">53785214090006421</subfield>
      <subfield code="b">1999</subfield>
      <subfield code="d">8</subfield>
      <subfield code="f">7</subfield>
    </datafield>
    <datafield tag="951" ind1=" " ind2=" ">
      <subfield code="v">2024-05-10 16:07:37 US/Eastern</subfield>
      <subfield code="g">EBSCOhost</subfield>
      <subfield code="u">System</subfield>
      <subfield code="t">2021-07-15 11:18:35 US/Eastern</subfield>
      <subfield code="x">https://na05.alma.exlibrisgroup.com/view/uresolver/01PRI_INST/openurl?u.ignore_date_coverage=true&amp;portfolio_pid=53785214070006421&amp;Force_direct=true</subfield>
      <subfield code="s">SFX</subfield>
      <subfield code="0">53785214070006421</subfield>
      <subfield code="k"> Available from 06/14/2014.</subfield>
      <subfield code="f">true</subfield>
      <subfield code="m">61753492100006421</subfield>
      <subfield code="n">EBSCOhost Middle Search Plus</subfield>
      <subfield code="b">param</subfield>
      <subfield code="1">62753512990006421</subfield>
      <subfield code="c">d?u.ignore_date_coverage=true&amp;rft.mms_id=99125250675606421</subfield>
      <subfield code="a">Available</subfield>
      <subfield code="l">61110976182419727</subfield>
      <subfield code="e">JOURNAL</subfield>
      <subfield code="8">53785214070006421</subfield>
    </datafield>
    <datafield tag="953" ind1=" " ind2=" ">
      <subfield code="a">53785214070006421</subfield>
      <subfield code="b">2014</subfield>
      <subfield code="d">6</subfield>
      <subfield code="f">14</subfield>
    </datafield>
  </record>