
  <record>
    <leader>03743cam  22005773u 4500</leader>
    <controlfield tag="001">99125249476706421</controlfield>
    <controlfield tag="005">20221019232510.0</controlfield>
    <controlfield tag="008">220128s2011||||||||||||o|||||||||||engsd</controlfield>
    <datafield tag="035" ind1=" " ind2=" ">
      <subfield code="a">(CKB)3780000000425919</subfield>
    </datafield>
    <datafield tag="035" ind1=" " ind2=" ">
      <subfield code="a">(UtSlPG)38280</subfield>
    </datafield>
    <datafield tag="035" ind1=" " ind2=" ">
      <subfield code="a">(EXLCZ)993780000000425919</subfield>
    </datafield>
    <datafield tag="040" ind1=" " ind2=" ">
      <subfield code="a">UtSlPG</subfield>
      <subfield code="b">eng</subfield>
      <subfield code="c">IL-JeEL</subfield>
    </datafield>
    <datafield tag="041" ind1=" " ind2=" ">
      <subfield code="a">eng</subfield>
    </datafield>
    <datafield tag="100" ind1=" " ind2=" ">
      <subfield code="a">Morley, Christopher</subfield>
      <subfield code="d">1890-1957</subfield>
      <subfield code="e">Editor</subfield>
    </datafield>
    <datafield tag="245" ind1="1" ind2="0">
      <subfield code="a">Modern Essays</subfield>
    </datafield>
    <datafield tag="260" ind1=" " ind2=" ">
      <subfield code="b">Project Gutenberg</subfield>
    </datafield>
    <datafield tag="505" ind1=" " ind2=" ">
      <subfield code="a">American literature / John Macy -- Mary White / William Allen White -- Niagara Falls / Rupert Brooke -- The almost perfect state / Don Marquis -- "The man o' war's 'er 'usband" / David W. Bone -- The market / William McFee -- Holy Ireland / Joyce Kilmer -- A familiar preface / Joseph Conrad -- On drawing / A.P. Herbert -- O. Henry / O.W. Firkins -- The mowing of a field / Hilaire Belloc -- The student life / William Osler -- The decline of drama / Stephen Leacock -- America and the English tradition / Harry Morgan Ayres -- The Russian quarter / Thomas Burke -- A word for autumn / A.A. Milne -- "A clergyman" / Max Beerbohm -- Samuel Butler / Stuart P. Sherman -- Bed-books and night-lights / H.M. Tomlinson -- The precept of peace / Louise Imogen Guiney -- On lying awake at night / Stewart Edward White -- A woodland Valentine / Marian Storm -- The elements of poetry / George Santayana -- Nocturne / Simeon Strunsky -- Beer and cider / George Saintsbury -- A free man's worship / Bertrand Russell -- Some historians / Philip Guedalla -- Winter mist / Robert Palfrey Utter -- Trivia / Logan Pearsall Smith -- Beyond life / James Branch Cabell -- The fish reporter / Robert Costes Holliday -- Some nonsense about a dog / Harry Esty Dounce -- The fifty-first dragon / Heywood Broun.</subfield>
    </datafield>
    <datafield tag="542" ind1=" " ind2=" ">
      <subfield code="f">Public domain in the USA.</subfield>
      <subfield code="k">Project Gutenberg</subfield>
      <subfield code="i">2011-12-11</subfield>
    </datafield>
    <datafield tag="700" ind1=" " ind2=" ">
      <subfield code="a">Firkins, Oscar W.</subfield>
      <subfield code="d">1864-1932</subfield>
      <subfield code="e">Contributor</subfield>
    </datafield>
    <datafield tag="700" ind1=" " ind2=" ">
      <subfield code="a">Burke, Thomas</subfield>
      <subfield code="d">1886-1945</subfield>
      <subfield code="e">Contributor</subfield>
    </datafield>
    <datafield tag="700" ind1=" " ind2=" ">
      <subfield code="a">Kilmer, Joyce</subfield>
      <subfield code="d">1886-1918</subfield>
      <subfield code="e">Contributor</subfield>
    </datafield>
    <datafield tag="700" ind1=" " ind2=" ">
      <subfield code="a">Guedalla, Philip</subfield>
      <subfield code="d">1889-1944</subfield>
      <subfield code="e">Contributor</subfield>
    </datafield>
    <datafield tag="700" ind1=" " ind2=" ">
      <subfield code="a">Osler, William</subfield>
      <subfield code="d">1849-1919</subfield>
      <subfield code="e">Contributor</subfield>
    </datafield>
    <datafield tag="700" ind1=" " ind2=" ">
      <subfield code="a">Ayres, Harry Morgan</subfield>
      <subfield code="d">1881-1948</subfield>
      <subfield code="e">Contributor</subfield>
    </datafield>
    <datafield tag="700" ind1=" " ind2=" ">
      <subfield code="a">Brooke, Rupert</subfield>
      <subfield code="d">1887-1915</subfield>
      <subfield code="e">Contributor</subfield>
    </datafield>
    <datafield tag="700" ind1=" " ind2=" ">
      <subfield code="a">Saintsbury, George</subfield>
      <subfield code="d">1845-1933</subfield>
      <subfield code="e">Contributor</subfield>
    </datafield>
    <datafield tag="700" ind1=" " ind2=" ">
      <subfield code="a">Guiney, Louise Imogen</subfield>
      <subfield code="d">1861-1920</subfield>
      <subfield code="e">Contributor</subfield>
    </datafield>
    <datafield tag="700" ind1=" " ind2=" ">
      <subfield code="a">White, Stewart Edward</subfield>
      <subfield code="d">1873-1946</subfield>
      <subfield code="e">Contributor</subfield>
    </datafield>
    <datafield tag="700" ind1=" " ind2=" ">
      <subfield code="a">Santayana, George</subfield>
      <subfield code="d">1863-1952</subfield>
      <subfield code="e">Contributor</subfield>
    </datafield>
    <datafield tag="700" ind1=" " ind2=" ">
      <subfield code="a">Dounce, Harry Esty</subfield>
      <subfield code="d">1889</subfield>
      <subfield code="e">Contributor</subfield>
    </datafield>
    <datafield tag="700" ind1=" " ind2=" ">
      <subfield code="a">Russell, Bertrand</subfield>
      <subfield code="d">1872-1970</subfield>
      <subfield code="e">Contributor</subfield>
    </datafield>
    <datafield tag="700" ind1=" " ind2=" ">
      <subfield code="a">Cabell, James Branch</subfield>
      <subfield code="d">1879-1958</subfield>
      <subfield code="e">Contributor</subfield>
    </datafield>
    <datafield tag="700" ind1=" " ind2=" ">
      <subfield code="a">Storm, Marian</subfield>
      <subfield code="d">1891-1975</subfield>
      <subfield code="e">Contributor</subfield>
    </datafield>
    <datafield tag="700" ind1=" " ind2=" ">
      <subfield code="a">Broun, Heywood</subfield>
      <subfield code="d">1888-1939</subfield>
      <subfield code="e">Contributor</subfield>
    </datafield>
    <datafield tag="700" ind1=" " ind2=" ">
      <subfield code="a">Macy, John Albert</subfield>
      <subfield code="d">1877-1932</subfield>
      <subfield code="e">Contributor</subfield>
    </datafield>
    <datafield tag="700" ind1=" " ind2=" ">
      <subfield code="a">Milne, A. A. (Alan Alexander)</subfield>
      <subfield code="d">1882-1956</subfield>
      <subfield code="e">Contributor</subfield>
    </datafield>
    <datafield tag="700" ind1=" " ind2=" ">
      <subfield code="a">Leacock, Stephen</subfield>
      <subfield code="d">1869-1944</subfield>
      <subfield code="e">Contributor</subfield>
    </datafield>
    <datafield tag="700" ind1=" " ind2=" ">
      <subfield code="a">Strunsky, Simeon</subfield>
      <subfield code="d">1879-1948</subfield>
      <subfield code="e">Contributor</subfield>
    </datafield>
    <datafield tag="700" ind1=" " ind2=" ">
      <subfield code="a">Tomlinson, H. M. (Henry Major)</subfield>
      <subfield code="d">1873-1958</subfield>
      <subfield code="e">Contributor</subfield>
    </datafield>
    <datafield tag="700" ind1=" " ind2=" ">
      <subfield code="a">Belloc, Hilaire</subfield>
      <subfield code="d">1870-1953</subfield>
      <subfield code="e">Contributor</subfield>
    </datafield>
    <datafield tag="700" ind1=" " ind2=" ">
      <subfield code="a">McFee, William</subfield>
      <subfield code="d">1881-1966</subfield>
      <subfield code="e">Contributor</subfield>
    </datafield>
    <datafield tag="700" ind1=" " ind2=" ">
      <subfield code="a">Marquis, Don</subfield>
      <subfield code="d">1878-1937</subfield>
      <subfield code="e">Contributor</subfield>
    </datafield>
    <datafield tag="700" ind1=" " ind2=" ">
      <subfield code="a">Sherman, Stuart Pratt</subfield>
      <subfield code="d">1881-1926</subfield>
      <subfield code="e">Contributor</subfield>
    </datafield>
    <datafield tag="700" ind1=" " ind2=" ">
      <subfield code="a">Conrad, Joseph</subfield>
      <subfield code="d">1857-1924</subfield>
      <subfield code="e">Contributor</subfield>
    </datafield>
    <datafield tag="700" ind1=" " ind2=" ">
      <subfield code="a">Beerbohm, Max, Sir</subfield>
      <subfield code="d">1872-1956</subfield>
      <subfield code="e">Contributor</subfield>
    </datafield>
    <datafield tag="700" ind1=" " ind2=" ">
      <subfield code="a">Smith, Logan Pearsall</subfield>
      <subfield code="d">1865-1946</subfield>
      <subfield code="e">Contributor</subfield>
    </datafield>
    <datafield tag="700" ind1=" " ind2=" ">
      <subfield code="a">White, William Allen</subfield>
      <subfield code="d">1868-1944</subfield>
      <subfield code="e">Contributor</subfield>
    </datafield>
    <datafield tag="700" ind1=" " ind2=" ">
      <subfield code="a">Bone, David W.</subfield>
      <subfield code="q">(David William),</subfield>
      <subfield code="d">1874-1959</subfield>
      <subfield code="e">Contributor</subfield>
    </datafield>
    <datafield tag="700" ind1=" " ind2=" ">
      <subfield code="a">Herbert, A. P. (Alan Patrick)</subfield>
      <subfield code="d">1890-1971</subfield>
      <subfield code="e">Contributor</subfield>
    </datafield>
    <datafield tag="700" ind1=" " ind2=" ">
      <subfield code="a">Utter, Robert Palfrey</subfield>
      <subfield code="d">1875-1936</subfield>
      <subfield code="e">Contributor</subfield>
    </datafield>
    <datafield tag="700" ind1=" " ind2=" ">
      <subfield code="a">Holliday, Robert Cortes</subfield>
      <subfield code="d">1880-1947</subfield>
      <subfield code="e">Contributor</subfield>
    </datafield>
    <datafield tag="906" ind1=" " ind2=" ">
      <subfield code="a">BOOK</subfield>
    </datafield>
    <datafield tag="950" ind1=" " ind2=" ">
      <subfield code="c">2022-10-20 02:56:07 US/Eastern</subfield>
      <subfield code="b">2017-08-13 03:01:49 US/Eastern</subfield>
      <subfield code="a">false</subfield>
    </datafield>
    <datafield tag="951" ind1=" " ind2=" ">
      <subfield code="v">2022-02-19 16:47:05 US/Eastern</subfield>
      <subfield code="g">Project Gutenberg</subfield>
      <subfield code="u">System</subfield>
      <subfield code="j">free site; not using proxy --nb, 2/18</subfield>
      <subfield code="t">2021-07-15 11:16:02 US/Eastern</subfield>
      <subfield code="x">https://na05.alma.exlibrisgroup.com/view/uresolver/01PRI_INST/openurl?u.ignore_date_coverage=true&amp;portfolio_pid=53784938280006421&amp;Force_direct=true</subfield>
      <subfield code="s">SFX</subfield>
      <subfield code="0">53784938280006421</subfield>
      <subfield code="f">false</subfield>
      <subfield code="m">61753481190006421</subfield>
      <subfield code="n">Project Gutenberg Online Catalog</subfield>
      <subfield code="b">param</subfield>
      <subfield code="1">62753514350006421</subfield>
      <subfield code="c">d?u.ignore_date_coverage=true&amp;rft.mms_id=99125249476706421</subfield>
      <subfield code="a">Available</subfield>
      <subfield code="l">613780000000001569</subfield>
      <subfield code="e">BOOK</subfield>
      <subfield code="8">53784938280006421</subfield>
    </datafield>
  </record>