
  <record>
    <leader>02287nam a22003133u 4500</leader>
    <controlfield tag="001">99125234836606421</controlfield>
    <controlfield tag="005">20230808194946.0</controlfield>
    <controlfield tag="006">m        d        </controlfield>
    <controlfield tag="007">cr -n---------</controlfield>
    <controlfield tag="008">160919s2016|||||||     s|||||||||||eng|d</controlfield>
    <datafield tag="020" ind1=" " ind2=" ">
      <subfield code="a">3-7364-0964-8</subfield>
    </datafield>
    <datafield tag="035" ind1=" " ind2=" ">
      <subfield code="a">(CKB)3710000000833573</subfield>
    </datafield>
    <datafield tag="035" ind1=" " ind2=" ">
      <subfield code="a">(EBL)4663424</subfield>
    </datafield>
    <datafield tag="035" ind1=" " ind2=" ">
      <subfield code="a">(MiAaPQ)EBC4663424</subfield>
    </datafield>
    <datafield tag="035" ind1=" " ind2=" ">
      <subfield code="a">(Au-PeEL)EBL4663424</subfield>
    </datafield>
    <datafield tag="035" ind1=" " ind2=" ">
      <subfield code="a">(CaPaEBR)ebr11260266</subfield>
    </datafield>
    <datafield tag="035" ind1=" " ind2=" ">
      <subfield code="a">(OCoLC)958575994</subfield>
    </datafield>
    <datafield tag="035" ind1=" " ind2=" ">
      <subfield code="a">(EXLCZ)993710000000833573</subfield>
    </datafield>
    <datafield tag="040" ind1=" " ind2=" ">
      <subfield code="a">AU-PeEL</subfield>
      <subfield code="b">eng</subfield>
      <subfield code="c">AU-PeEL</subfield>
      <subfield code="d">AU-PeEL</subfield>
    </datafield>
    <datafield tag="100" ind1="1" ind2=" ">
      <subfield code="a">Morley, Christopher.</subfield>
    </datafield>
    <datafield tag="245" ind1="1" ind2="0">
      <subfield code="a">Pipefuls</subfield>
      <subfield code="h">[electronic resource].</subfield>
    </datafield>
    <datafield tag="260" ind1=" " ind2=" ">
      <subfield code="a">Dinslaken :</subfield>
      <subfield code="b">anboco,</subfield>
      <subfield code="c">2016.</subfield>
    </datafield>
    <datafield tag="300" ind1=" " ind2=" ">
      <subfield code="a">1 online resource (142 p.)</subfield>
    </datafield>
    <datafield tag="336" ind1=" " ind2=" ">
      <subfield code="a">text</subfield>
      <subfield code="b">txt</subfield>
      <subfield code="2">rdacontent</subfield>
    </datafield>
    <datafield tag="337" ind1=" " ind2=" ">
      <subfield code="a">computer</subfield>
      <subfield code="b">c</subfield>
      <subfield code="2">rdamedia</subfield>
    </datafield>
    <datafield tag="338" ind1=" " ind2=" ">
      <subfield code="a">online resource</subfield>
      <subfield code="b">cr</subfield>
      <subfield code="2">rdacarrier</subfield>
    </datafield>
    <datafield tag="500" ind1=" " ind2=" ">
      <subfield code="a">Description based upon print version of record.</subfield>
    </datafield>
    <datafield tag="588" ind1=" " ind2=" ">
      <subfield code="a">Description based on publisher supplied metadata and other sources.</subfield>
    </datafield>
    <datafield tag="505" ind1="0" ind2=" ">
      <subfield code="a">Intro -- PIPEFULS -- BY CHRISTOPHER MORLEY -- PREFACE -- CONTENTS -- PIPEFULS -- PIPEFULS -- ON MAKING FRIENDS -- THOUGHTS ON CIDER -- ONE-NIGHT STANDS -- THE OWL TRAIN -- SAFETY PINS -- CONFESSIONS OF A "COLYUMIST" -- MOVING -- SURF FISHING -- "IDOLATRY" -- THE FIRST COMMENCEMENT ADDRESS -- THE DOWNFALL OF GEORGE SNIPE -- MEDITATIONS OF A BOOKSELLER -- IF BUYING A MEAL WERE LIKE BUYING A HOUSE -- ADVENTURES IN HIGH FINANCE -- ON VISITING BOOKSHOPS -- A DISCOVERY -- SILAS ORRIN HOWES -- JOYCE KILMER -- I -- II -- TALES OF TWO CITIES -- I. PHILADELPHIA -- AN EARLY TRAIN -- RIDGE AVENUE -- THE UNIVERSITY AND THE URCHIN -- PINE STREET -- PERSHING IN PHILADELPHIA -- FALL FEVER -- TWO DAYS BEFORE CHRISTMAS -- IN WEST PHILADELPHIA -- HORACE TRAUBEL -- TALES OF TWO CITIES -- II. NEW YORK -- THE ANATOMY OF MANHATTAN -- VESEY STREET -- BROOKLYN BRIDGE -- THREE HOURS FOR LUNCH -- PASSAGE FROM SOME MEMOIRS -- FIRST LESSONS IN CLOWNING -- HOUSE-HUNTING -- LONG ISLAND REVISITED -- ON BEING IN A HURRY -- CONFESSIONS OF A HUMAN GLOBULE -- NOTES ON A FIFTH AVENUE BUS -- SUNDAY MORNING -- VENISON PASTY -- GRAND AVENUE, BROOKLYN -- ON WAITING FOR THE CURTAIN TO GO UP -- MUSINGS OF JOHN MISTLETOE -- THE WORLD'S MOST FAMOUS ORATION -- ON LAZINESS -- TEACHING THE PRINCE TO TAKE NOTES -- A CITY NOTEBOOK -- ON GOING TO BED.</subfield>
    </datafield>
    <datafield tag="906" ind1=" " ind2=" ">
      <subfield code="a">BOOK</subfield>
    </datafield>
    <datafield tag="950" ind1=" " ind2=" ">
      <subfield code="c">2023-08-09 04:59:49 US/Eastern</subfield>
      <subfield code="b">2016-09-03 11:09:02 US/Eastern</subfield>
      <subfield code="a">false</subfield>
    </datafield>
    <datafield tag="951" ind1=" " ind2=" ">
      <subfield code="v">2022-02-19 19:36:36 US/Eastern</subfield>
      <subfield code="g">Project Gutenberg</subfield>
      <subfield code="u">System</subfield>
      <subfield code="j">free site; not using proxy --nb, 2/18</subfield>
      <subfield code="t">2021-07-15 10:43:21 US/Eastern</subfield>
      <subfield code="x">https://na05.alma.exlibrisgroup.com/view/uresolver/01PRI_INST/openurl?u.ignore_date_coverage=true&amp;portfolio_pid=53781703590006421&amp;Force_direct=true</subfield>
      <subfield code="s">SFX</subfield>
      <subfield code="0">53781703590006421</subfield>
      <subfield code="f">false</subfield>
      <subfield code="m">61753481190006421</subfield>
      <subfield code="n">Project Gutenberg Online Catalog</subfield>
      <subfield code="b">param</subfield>
      <subfield code="1">62753514350006421</subfield>
      <subfield code="c">d?u.ignore_date_coverage=true&amp;rft.mms_id=99125234836606421</subfield>
      <subfield code="a">Available</subfield>
      <subfield code="l">613780000000001569</subfield>
      <subfield code="e">BOOK</subfield>
      <subfield code="8">53781703590006421</subfield>
    </datafield>
  </record>