
  <record>
    <leader>-----nas--2200529-i-4500</leader>
    <controlfield tag="001">99125223674306421</controlfield>
    <controlfield tag="005">20240916213021.0</controlfield>
    <controlfield tag="006">m-----o--d--------</controlfield>
    <controlfield tag="007">cr-|||||||||||</controlfield>
    <controlfield tag="008">141006c20159999dcuuu-p-o-----0---a0eng--</controlfield>
    <datafield tag="010" ind1=" " ind2=" ">
      <subfield code="a">  2014203143</subfield>
    </datafield>
    <datafield tag="016" ind1="7" ind2=" ">
      <subfield code="a">101653440</subfield>
      <subfield code="2">DNLM</subfield>
    </datafield>
    <datafield tag="035" ind1=" " ind2=" ">
      <subfield code="a">(DE-599)ZDB2810933-8</subfield>
    </datafield>
    <datafield tag="035" ind1=" " ind2=" ">
      <subfield code="a">(OCoLC)892343396</subfield>
    </datafield>
    <datafield tag="035" ind1=" " ind2=" ">
      <subfield code="a">(CKB)2560000000303519</subfield>
    </datafield>
    <datafield tag="035" ind1=" " ind2=" ">
      <subfield code="a">(CONSER)--2014203143</subfield>
    </datafield>
    <datafield tag="035" ind1=" " ind2=" ">
      <subfield code="a">(EXLCZ)992560000000303519</subfield>
    </datafield>
    <datafield tag="037" ind1=" " ind2=" ">
      <subfield code="b">AAAS, 1200 New York Avenue, NW, Washington, DC</subfield>
      <subfield code="c">free</subfield>
    </datafield>
    <datafield tag="042" ind1=" " ind2=" ">
      <subfield code="a">pcc</subfield>
      <subfield code="a">nsdp</subfield>
    </datafield>
    <datafield tag="050" ind1="0" ind2="0">
      <subfield code="a">Q1</subfield>
    </datafield>
    <datafield tag="060" ind1="0" ind2="0">
      <subfield code="a">W1</subfield>
    </datafield>
    <datafield tag="082" ind1="0" ind2="0">
      <subfield code="a">505</subfield>
      <subfield code="2">15</subfield>
    </datafield>
    <datafield tag="210" ind1=" " ind2=" ">
      <subfield code="a">SCI ADV</subfield>
    </datafield>
    <datafield tag="210" ind1="1" ind2="0">
      <subfield code="a">Sci Adv</subfield>
      <subfield code="2">dnlm</subfield>
    </datafield>
    <datafield tag="222" ind1=" " ind2="0">
      <subfield code="a">Science advances</subfield>
    </datafield>
    <datafield tag="245" ind1="0" ind2="0">
      <subfield code="a">Science advances.</subfield>
    </datafield>
    <datafield tag="264" ind1=" " ind2="1">
      <subfield code="a">Washington, DC :</subfield>
      <subfield code="b">American Association for the Advancement of Science,</subfield>
      <subfield code="c">[2015]-</subfield>
    </datafield>
    <datafield tag="300" ind1=" " ind2=" ">
      <subfield code="a">1 online resource</subfield>
    </datafield>
    <datafield tag="336" ind1=" " ind2=" ">
      <subfield code="a">text</subfield>
      <subfield code="b">txt</subfield>
      <subfield code="2">rdacontent</subfield>
    </datafield>
    <datafield tag="337" ind1=" " ind2=" ">
      <subfield code="a">computer</subfield>
      <subfield code="b">c</subfield>
      <subfield code="2">rdamedia</subfield>
    </datafield>
    <datafield tag="338" ind1=" " ind2=" ">
      <subfield code="a">online resource</subfield>
      <subfield code="b">cr</subfield>
      <subfield code="2">rdacarrier</subfield>
    </datafield>
    <datafield tag="362" ind1="1" ind2=" ">
      <subfield code="a">Began with vol. 1, issue 1 (2015).</subfield>
    </datafield>
    <datafield tag="500" ind1=" " ind2=" ">
      <subfield code="a">Refereed/Peer-reviewed</subfield>
    </datafield>
    <datafield tag="506" ind1="0" ind2=" ">
      <subfield code="f">Unrestricted online access</subfield>
      <subfield code="2">star</subfield>
    </datafield>
    <datafield tag="515" ind1=" " ind2=" ">
      <subfield code="a">Numbering from content page.</subfield>
    </datafield>
    <datafield tag="588" ind1=" " ind2=" ">
      <subfield code="a">Description based on: Vol. 1, Issue 1 (February 2015); title from journal home page (publisher's Web site, viewed May 1, 2015).</subfield>
    </datafield>
    <datafield tag="588" ind1=" " ind2=" ">
      <subfield code="a">Latest issue consulted: Vol. 1, Issue 4 (May 2015) (viewed May 1, 2015).</subfield>
    </datafield>
    <datafield tag="650" ind1=" " ind2="0">
      <subfield code="a">Science</subfield>
      <subfield code="v">Periodicals.</subfield>
    </datafield>
    <datafield tag="650" ind1="1" ind2="2">
      <subfield code="a">Biological Science Disciplines.</subfield>
    </datafield>
    <datafield tag="650" ind1=" " ind2="7">
      <subfield code="a">Science.</subfield>
      <subfield code="2">fast</subfield>
      <subfield code="0">(OCoLC)fst01108176</subfield>
    </datafield>
    <datafield tag="655" ind1=" " ind2="2">
      <subfield code="a">Periodical.</subfield>
    </datafield>
    <datafield tag="655" ind1=" " ind2="4">
      <subfield code="a">Fulltext.</subfield>
    </datafield>
    <datafield tag="655" ind1=" " ind2="4">
      <subfield code="a">Internet Resources.</subfield>
    </datafield>
    <datafield tag="655" ind1=" " ind2="4">
      <subfield code="a">Periodicals.</subfield>
    </datafield>
    <datafield tag="655" ind1=" " ind2="7">
      <subfield code="a">Periodicals.</subfield>
      <subfield code="2">fast</subfield>
      <subfield code="0">(OCoLC)fst01411641</subfield>
    </datafield>
    <datafield tag="776" ind1=" " ind2=" ">
      <subfield code="x">2375-2548</subfield>
    </datafield>
    <datafield tag="710" ind1="2" ind2=" ">
      <subfield code="a">American Association for the Advancement of Science,</subfield>
      <subfield code="e">issuing body.</subfield>
    </datafield>
    <datafield tag="906" ind1=" " ind2=" ">
      <subfield code="a">JOURNAL</subfield>
    </datafield>
    <datafield tag="950" ind1=" " ind2=" ">
      <subfield code="c">2024-09-28 04:04:47 US/Eastern</subfield>
      <subfield code="b">2014-12-13 21:51:12 US/Eastern</subfield>
      <subfield code="a">false</subfield>
    </datafield>
    <datafield tag="951" ind1=" " ind2=" ">
      <subfield code="v">2022-05-17 04:59:03 US/Eastern</subfield>
      <subfield code="g">DOAJ Directory of Open Access Journals</subfield>
      <subfield code="u">System</subfield>
      <subfield code="j">DOAJ no longer provides coverage information to ExL, so all thresholds removed; added note to help with dead-end links. --nb, 5/21</subfield>
      <subfield code="t">2021-07-15 10:20:26 US/Eastern</subfield>
      <subfield code="x">https://na05.alma.exlibrisgroup.com/view/uresolver/01PRI_INST/openurl?u.ignore_date_coverage=true&amp;portfolio_pid=53779314240006421&amp;Force_direct=true</subfield>
      <subfield code="s">SFX</subfield>
      <subfield code="0">53779314240006421</subfield>
      <subfield code="k"> Available from 2015.</subfield>
      <subfield code="f">false</subfield>
      <subfield code="m">61753485870006421</subfield>
      <subfield code="n">DOAJ Open Access Journals</subfield>
      <subfield code="b">param</subfield>
      <subfield code="1">62753501660006421</subfield>
      <subfield code="c">d?u.ignore_date_coverage=true&amp;rft.mms_id=99125223674306421</subfield>
      <subfield code="a">Available</subfield>
      <subfield code="l">61111061245432000</subfield>
      <subfield code="e">JOURNAL</subfield>
      <subfield code="8">53779314240006421</subfield>
    </datafield>
    <datafield tag="953" ind1=" " ind2=" ">
      <subfield code="a">53779314240006421</subfield>
      <subfield code="b">2015</subfield>
      <subfield code="d">1</subfield>
      <subfield code="f">1</subfield>
    </datafield>
    <datafield tag="951" ind1=" " ind2=" ">
      <subfield code="v">2021-07-15 10:20:40 US/Eastern</subfield>
      <subfield code="g">Free E- Journals</subfield>
      <subfield code="u">System</subfield>
      <subfield code="t">2021-07-15 10:20:26 US/Eastern</subfield>
      <subfield code="x">https://na05.alma.exlibrisgroup.com/view/uresolver/01PRI_INST/openurl?u.ignore_date_coverage=true&amp;portfolio_pid=53779314260006421&amp;Force_direct=true</subfield>
      <subfield code="s">SFX</subfield>
      <subfield code="0">53779314260006421</subfield>
      <subfield code="k"> Available from 2015.</subfield>
      <subfield code="f">false</subfield>
      <subfield code="m">61753494380006421</subfield>
      <subfield code="n">Free E- Journals</subfield>
      <subfield code="b">param</subfield>
      <subfield code="1">62753511020006421</subfield>
      <subfield code="c">d?u.ignore_date_coverage=true&amp;rft.mms_id=99125223674306421</subfield>
      <subfield code="a">Available</subfield>
      <subfield code="l">61110976638852340</subfield>
      <subfield code="e">JOURNAL</subfield>
      <subfield code="8">53779314260006421</subfield>
    </datafield>
    <datafield tag="953" ind1=" " ind2=" ">
      <subfield code="a">53779314260006421</subfield>
      <subfield code="b">2015</subfield>
      <subfield code="d">1</subfield>
      <subfield code="f">1</subfield>
    </datafield>
    <datafield tag="951" ind1=" " ind2=" ">
      <subfield code="v">2024-11-18 16:33:58 US/Eastern</subfield>
      <subfield code="g">PubMed Central</subfield>
      <subfield code="u">System</subfield>
      <subfield code="t">2021-07-15 10:20:26 US/Eastern</subfield>
      <subfield code="x">https://na05.alma.exlibrisgroup.com/view/uresolver/01PRI_INST/openurl?u.ignore_date_coverage=true&amp;portfolio_pid=53779314280006421&amp;Force_direct=true</subfield>
      <subfield code="s">SFX</subfield>
      <subfield code="0">53779314280006421</subfield>
      <subfield code="k"> Available from 2015 volume: 1.</subfield>
      <subfield code="f">false</subfield>
      <subfield code="m">61753482350006421</subfield>
      <subfield code="n">PubMed Central</subfield>
      <subfield code="b">param</subfield>
      <subfield code="1">62753498210006421</subfield>
      <subfield code="c">d?u.ignore_date_coverage=true&amp;rft.mms_id=99125223674306421</subfield>
      <subfield code="a">Available</subfield>
      <subfield code="l">61111058563444000</subfield>
      <subfield code="e">JOURNAL</subfield>
      <subfield code="8">53779314280006421</subfield>
    </datafield>
    <datafield tag="953" ind1=" " ind2=" ">
      <subfield code="a">53779314280006421</subfield>
      <subfield code="b">2015</subfield>
      <subfield code="d">1</subfield>
      <subfield code="f">1</subfield>
      <subfield code="h">1</subfield>
    </datafield>
  </record>