
  <record>
    <leader>02091nas--2200589-a-4500</leader>
    <controlfield tag="001">99125202610906421</controlfield>
    <controlfield tag="005">20240413025032.0</controlfield>
    <controlfield tag="008">030821d20032012abcfr-p-o-----0---a0eng--</controlfield>
    <datafield tag="015" ind1=" " ind2=" ">
      <subfield code="a">20033012202</subfield>
      <subfield code="2">can</subfield>
    </datafield>
    <datafield tag="016" ind1=" " ind2=" ">
      <subfield code="a">(AMICUS)000027657665</subfield>
    </datafield>
    <datafield tag="022" ind1=" " ind2=" ">
      <subfield code="a">1703-762X</subfield>
    </datafield>
    <datafield tag="035" ind1=" " ind2=" ">
      <subfield code="a">(CKB)111096170336000</subfield>
    </datafield>
    <datafield tag="035" ind1=" " ind2=" ">
      <subfield code="a">(CONSER)cn2003301220</subfield>
    </datafield>
    <datafield tag="035" ind1=" " ind2=" ">
      <subfield code="a">(EXLCZ)99111096170336000</subfield>
    </datafield>
    <datafield tag="042" ind1=" " ind2=" ">
      <subfield code="a">nlc</subfield>
      <subfield code="a">isds/c</subfield>
      <subfield code="a">pcc</subfield>
    </datafield>
    <datafield tag="050" ind1="0" ind2="0">
      <subfield code="a">BP190.5.S3</subfield>
      <subfield code="b">I68</subfield>
    </datafield>
    <datafield tag="050" ind1=" " ind2="4">
      <subfield code="a">BL240.3</subfield>
      <subfield code="b">.I575x</subfield>
    </datafield>
    <datafield tag="055" ind1="0" ind2="2">
      <subfield code="a">BP190.5*</subfield>
    </datafield>
    <datafield tag="055" ind1="0" ind2="7">
      <subfield code="a">PER.REG.2003.672</subfield>
    </datafield>
    <datafield tag="082" ind1="0" ind2="4">
      <subfield code="a">297.2/65</subfield>
      <subfield code="2">21</subfield>
    </datafield>
    <datafield tag="130" ind1="0" ind2=" ">
      <subfield code="a">Islam &amp; science (Sherwood Park, Alta.)</subfield>
    </datafield>
    <datafield tag="210" ind1=" " ind2=" ">
      <subfield code="a">ISLAM &amp; SCIENCE</subfield>
    </datafield>
    <datafield tag="210" ind1="0" ind2=" ">
      <subfield code="a">Islam sci.</subfield>
    </datafield>
    <datafield tag="222" ind1=" " ind2="0">
      <subfield code="a">Islam &amp; science</subfield>
    </datafield>
    <datafield tag="245" ind1="1" ind2="0">
      <subfield code="a">Islam &amp; science.</subfield>
    </datafield>
    <datafield tag="246" ind1="3" ind2=" ">
      <subfield code="a">Islam and science</subfield>
    </datafield>
    <datafield tag="260" ind1=" " ind2=" ">
      <subfield code="a">Sherwood Park, Alta. :</subfield>
      <subfield code="b">Center for Islam and Science,</subfield>
      <subfield code="c">2003-</subfield>
    </datafield>
    <datafield tag="300" ind1=" " ind2=" ">
      <subfield code="a">1 online resource</subfield>
    </datafield>
    <datafield tag="310" ind1=" " ind2=" ">
      <subfield code="a">Semiannual</subfield>
    </datafield>
    <datafield tag="336" ind1=" " ind2=" ">
      <subfield code="a">text</subfield>
      <subfield code="b">txt</subfield>
      <subfield code="2">rdacontent</subfield>
    </datafield>
    <datafield tag="337" ind1=" " ind2=" ">
      <subfield code="a">computer</subfield>
      <subfield code="b">c</subfield>
      <subfield code="2">rdamedia</subfield>
    </datafield>
    <datafield tag="338" ind1=" " ind2=" ">
      <subfield code="a">online resource</subfield>
      <subfield code="b">cr</subfield>
      <subfield code="2">rdacarrier</subfield>
    </datafield>
    <datafield tag="362" ind1="0" ind2=" ">
      <subfield code="a">Vol. 1, no. 1 (June 2003)-</subfield>
    </datafield>
    <datafield tag="362" ind1="1" ind2=" ">
      <subfield code="a">Ceased with v. 10, no. 2 (winter 2012).</subfield>
    </datafield>
    <datafield tag="500" ind1=" " ind2=" ">
      <subfield code="a">Title from cover.</subfield>
    </datafield>
    <datafield tag="588" ind1=" " ind2=" ">
      <subfield code="a">Latest issue consulted: Vol. 10, no. 2 (winter 2012).</subfield>
    </datafield>
    <datafield tag="500" ind1=" " ind2=" ">
      <subfield code="a">Refereed/Peer-reviewed</subfield>
    </datafield>
    <datafield tag="650" ind1=" " ind2="0">
      <subfield code="a">Islam and science</subfield>
      <subfield code="v">Periodicals.</subfield>
    </datafield>
    <datafield tag="650" ind1=" " ind2="7">
      <subfield code="a">Islam and science.</subfield>
      <subfield code="2">fast</subfield>
      <subfield code="0">(OCoLC)fst00979885</subfield>
    </datafield>
    <datafield tag="655" ind1=" " ind2="7">
      <subfield code="a">Periodicals.</subfield>
      <subfield code="2">fast</subfield>
      <subfield code="0">(OCoLC)fst01411641</subfield>
    </datafield>
    <datafield tag="710" ind1="2" ind2=" ">
      <subfield code="a">Center for Islam and Science.</subfield>
    </datafield>
    <datafield tag="785" ind1="0" ind2="0">
      <subfield code="t">Islamic Sciences</subfield>
      <subfield code="w">(CKB)3370000000000786</subfield>
      <subfield code="x">1929-9443</subfield>
    </datafield>
    <datafield tag="776" ind1=" " ind2=" ">
      <subfield code="i">Print version:</subfield>
      <subfield code="t">Islam &amp; science (Sherwood Park, Alta.)</subfield>
      <subfield code="x">1703-7603</subfield>
    </datafield>
    <datafield tag="886" ind1="2" ind2=" ">
      <subfield code="2">canmarc</subfield>
      <subfield code="a">910</subfield>
      <subfield code="b">2-</subfield>
      <subfield code="a">Centre for Islam and Science, Canada</subfield>
    </datafield>
    <datafield tag="886" ind1="2" ind2=" ">
      <subfield code="2">canmarc</subfield>
      <subfield code="a">930</subfield>
      <subfield code="b">0-</subfield>
      <subfield code="a">Islam &amp; science (Sherwood Park, Alb.)</subfield>
    </datafield>
    <datafield tag="886" ind1="2" ind2=" ">
      <subfield code="2">canmarc</subfield>
      <subfield code="a">930</subfield>
      <subfield code="b">0-</subfield>
      <subfield code="a">Islam and science (Sherwood Park, Alta.)</subfield>
    </datafield>
    <datafield tag="886" ind1="2" ind2=" ">
      <subfield code="2">canmarc</subfield>
      <subfield code="a">990</subfield>
      <subfield code="b">10</subfield>
      <subfield code="a">91001a</subfield>
      <subfield code="b">71001a</subfield>
    </datafield>
    <datafield tag="886" ind1="2" ind2=" ">
      <subfield code="2">canmarc</subfield>
      <subfield code="a">990</subfield>
      <subfield code="b">01</subfield>
      <subfield code="a">93001a</subfield>
      <subfield code="b">13001a</subfield>
    </datafield>
    <datafield tag="886" ind1="2" ind2=" ">
      <subfield code="2">canmarc</subfield>
      <subfield code="a">990</subfield>
      <subfield code="b">10</subfield>
      <subfield code="a">93002a</subfield>
      <subfield code="b">13001a</subfield>
    </datafield>
    <datafield tag="853" ind1="2" ind2="0">
      <subfield code="8">2</subfield>
      <subfield code="a">v.</subfield>
      <subfield code="b">no.</subfield>
      <subfield code="u">2</subfield>
      <subfield code="v">r</subfield>
      <subfield code="i">(year)</subfield>
      <subfield code="j">(season)</subfield>
      <subfield code="w">f</subfield>
    </datafield>
    <datafield tag="863" ind1="4" ind2="1">
      <subfield code="8">2.1</subfield>
      <subfield code="a">&lt;2&gt;</subfield>
      <subfield code="b">&lt;1&gt;</subfield>
      <subfield code="i">&lt;2004&gt;</subfield>
      <subfield code="j">&lt;22&gt;</subfield>
    </datafield>
    <datafield tag="906" ind1=" " ind2=" ">
      <subfield code="a">JOURNAL</subfield>
    </datafield>
    <datafield tag="920" ind1=" " ind2=" ">
      <subfield code="a">exl_impl conversion</subfield>
    </datafield>
    <datafield tag="950" ind1=" " ind2=" ">
      <subfield code="c">2024-04-14 08:17:58 US/Eastern</subfield>
      <subfield code="b">2012-02-25 16:47:23 US/Eastern</subfield>
      <subfield code="a">false</subfield>
    </datafield>
    <datafield tag="951" ind1=" " ind2=" ">
      <subfield code="v">2021-07-15 09:32:45 US/Eastern</subfield>
      <subfield code="g">EBSCOhost</subfield>
      <subfield code="u">System</subfield>
      <subfield code="t">2021-07-15 09:32:32 US/Eastern</subfield>
      <subfield code="x">https://na05.alma.exlibrisgroup.com/view/uresolver/01PRI_INST/openurl?u.ignore_date_coverage=true&amp;portfolio_pid=53774721800006421&amp;Force_direct=true</subfield>
      <subfield code="s">SFX</subfield>
      <subfield code="0">53774721800006421</subfield>
      <subfield code="k"> Available from 06/01/2007 until 12/31/2012.</subfield>
      <subfield code="f">true</subfield>
      <subfield code="m">61753488630006421</subfield>
      <subfield code="n">EBSCOhost Academic Search Ultimate</subfield>
      <subfield code="b">param</subfield>
      <subfield code="1">62753512700006421</subfield>
      <subfield code="c">d?u.ignore_date_coverage=true&amp;rft.mms_id=99125202610906421</subfield>
      <subfield code="a">Available</subfield>
      <subfield code="l">614340000000000211</subfield>
      <subfield code="e">JOURNAL</subfield>
      <subfield code="8">53774721800006421</subfield>
    </datafield>
    <datafield tag="953" ind1=" " ind2=" ">
      <subfield code="a">53774721800006421</subfield>
      <subfield code="b">2007</subfield>
      <subfield code="c">2012</subfield>
      <subfield code="d">6</subfield>
      <subfield code="e">12</subfield>
      <subfield code="f">1</subfield>
      <subfield code="g">31</subfield>
    </datafield>
  </record>