
  <record>
    <leader>01367nam  2200349 a 4500</leader>
    <controlfield tag="001">99125199098306421</controlfield>
    <controlfield tag="005">20200520144314.0</controlfield>
    <controlfield tag="006">m     o  d |      </controlfield>
    <controlfield tag="007">cr -n---------</controlfield>
    <controlfield tag="008">040708s2004    bcca    ob    001 0 eng d</controlfield>
    <datafield tag="016" ind1=" " ind2=" ">
      <subfield code="z">20049033832</subfield>
    </datafield>
    <datafield tag="020" ind1=" " ind2=" ">
      <subfield code="a">1-282-69637-8</subfield>
    </datafield>
    <datafield tag="020" ind1=" " ind2=" ">
      <subfield code="a">9786612696374</subfield>
    </datafield>
    <datafield tag="020" ind1=" " ind2=" ">
      <subfield code="a">1-926685-53-9</subfield>
    </datafield>
    <datafield tag="035" ind1=" " ind2=" ">
      <subfield code="a">(CKB)2430000000002748</subfield>
    </datafield>
    <datafield tag="035" ind1=" " ind2=" ">
      <subfield code="a">(EBL)557382</subfield>
    </datafield>
    <datafield tag="035" ind1=" " ind2=" ">
      <subfield code="a">(OCoLC)471123783</subfield>
    </datafield>
    <datafield tag="035" ind1=" " ind2=" ">
      <subfield code="a">(MiAaPQ)EBC557382</subfield>
    </datafield>
    <datafield tag="035" ind1=" " ind2=" ">
      <subfield code="a">(CaPaEBR)416887</subfield>
    </datafield>
    <datafield tag="035" ind1=" " ind2=" ">
      <subfield code="a">(CaBNvSL)slc00222886</subfield>
    </datafield>
    <datafield tag="035" ind1=" " ind2=" ">
      <subfield code="a">(VaAlCD)20.500.12592/m9n2dj</subfield>
    </datafield>
    <datafield tag="035" ind1=" " ind2=" ">
      <subfield code="a">(EXLCZ)992430000000002748</subfield>
    </datafield>
    <datafield tag="040" ind1=" " ind2=" ">
      <subfield code="a">MiAaPQ</subfield>
      <subfield code="b">eng</subfield>
      <subfield code="e">rda</subfield>
      <subfield code="e">pn</subfield>
      <subfield code="c">MiAaPQ</subfield>
      <subfield code="d">MiAaPQ</subfield>
    </datafield>
    <datafield tag="050" ind1=" " ind2="4">
      <subfield code="a">QK494.5.P66</subfield>
      <subfield code="b">S89 2004</subfield>
    </datafield>
    <datafield tag="082" ind1="0" ind2=" ">
      <subfield code="a">582.16</subfield>
      <subfield code="2">22</subfield>
    </datafield>
    <datafield tag="100" ind1="1" ind2=" ">
      <subfield code="a">Suzuki, David T.,</subfield>
      <subfield code="d">1936-</subfield>
    </datafield>
    <datafield tag="245" ind1="1" ind2="0">
      <subfield code="a">Tree :</subfield>
      <subfield code="b">a life story /</subfield>
      <subfield code="c">David Suzuki &amp; Wayne Grady ; art by Robert Bateman.</subfield>
    </datafield>
    <datafield tag="250" ind1=" " ind2=" ">
      <subfield code="a">1st paperback ed.</subfield>
    </datafield>
    <datafield tag="260" ind1=" " ind2=" ">
      <subfield code="a">Vancouver, B.C. ;</subfield>
      <subfield code="a">Toronto, Ont. ;</subfield>
      <subfield code="a">Berkeley, Calif. :</subfield>
      <subfield code="b">David Suzuki Founation :</subfield>
      <subfield code="b">Greystone Books :</subfield>
      <subfield code="b">Douglas &amp; McIntyre Pub. Group,</subfield>
      <subfield code="c">c2004.</subfield>
    </datafield>
    <datafield tag="300" ind1=" " ind2=" ">
      <subfield code="a">1 online resource (201 p.)</subfield>
    </datafield>
    <datafield tag="336" ind1=" " ind2=" ">
      <subfield code="a">text</subfield>
      <subfield code="b">txt</subfield>
      <subfield code="2">rdacontent</subfield>
    </datafield>
    <datafield tag="337" ind1=" " ind2=" ">
      <subfield code="a">computer</subfield>
      <subfield code="b">c</subfield>
      <subfield code="2">rdamedia</subfield>
    </datafield>
    <datafield tag="338" ind1=" " ind2=" ">
      <subfield code="a">online resource</subfield>
      <subfield code="b">cr</subfield>
      <subfield code="2">rdacarrier</subfield>
    </datafield>
    <datafield tag="505" ind1="0" ind2=" ">
      <subfield code="a">Contents; Acknowledgments; Introduction; 1; 2; 3; 4; 5; Selected References; Index</subfield>
    </datafield>
    <datafield tag="520" ind1=" " ind2=" ">
      <subfield code="a">?Only God can make a tree," wrote Joyce Kilmer in one of the most celebrated of poems. In Tree: A Life Story, authors David Suzuki and Wayne Grady extend that celebration in a ?biography" of this extraordinary ? and extraordinarily important ? organism. A story that spans a millennium and includes a cast of millions but focuses on a single tree, a Douglas fir, Tree describes in poetic detail the organism's modest origins that begin with a dramatic burst of millions of microscopic grains of pollen. The authors recount the amazing characteristics of</subfield>
    </datafield>
    <datafield tag="500" ind1=" " ind2=" ">
      <subfield code="a">"David Suzuki Foundation."</subfield>
    </datafield>
    <datafield tag="504" ind1=" " ind2=" ">
      <subfield code="a">Includes bibliographical references (p. 181-183) and index.</subfield>
    </datafield>
    <datafield tag="650" ind1=" " ind2="0">
      <subfield code="a">Douglas fir</subfield>
      <subfield code="x">Life cycles.</subfield>
    </datafield>
    <datafield tag="650" ind1=" " ind2="0">
      <subfield code="a">Douglas fir</subfield>
      <subfield code="x">Development.</subfield>
    </datafield>
    <datafield tag="650" ind1=" " ind2="0">
      <subfield code="a">Douglas fir</subfield>
      <subfield code="x">Growth.</subfield>
    </datafield>
    <datafield tag="776" ind1=" " ind2=" ">
      <subfield code="z">1-55365-126-X</subfield>
    </datafield>
    <datafield tag="700" ind1="1" ind2=" ">
      <subfield code="a">Grady, Wayne.</subfield>
    </datafield>
    <datafield tag="700" ind1="1" ind2=" ">
      <subfield code="a">Bateman, Robert,</subfield>
      <subfield code="d">1930-</subfield>
    </datafield>
    <datafield tag="710" ind1="2" ind2=" ">
      <subfield code="a">David Suzuki Foundation.</subfield>
    </datafield>
    <datafield tag="906" ind1=" " ind2=" ">
      <subfield code="a">BOOK</subfield>
    </datafield>
    <datafield tag="950" ind1=" " ind2=" ">
      <subfield code="c">2024-08-04 20:30:07 US/Eastern</subfield>
      <subfield code="b">2012-02-25 19:32:57 US/Eastern</subfield>
      <subfield code="a">false</subfield>
    </datafield>
    <datafield tag="951" ind1=" " ind2=" ">
      <subfield code="v">2023-07-04 00:27:26 US/Eastern</subfield>
      <subfield code="g">Canadian Electronic Library</subfield>
      <subfield code="u">System</subfield>
      <subfield code="t">2021-07-15 09:24:30 US/Eastern</subfield>
      <subfield code="x">https://na05.alma.exlibrisgroup.com/view/uresolver/01PRI_INST/openurl?u.ignore_date_coverage=true&amp;portfolio_pid=53773971510006421&amp;Force_direct=true</subfield>
      <subfield code="s">SFX</subfield>
      <subfield code="0">53773971510006421</subfield>
      <subfield code="f">true</subfield>
      <subfield code="m">61753496300006421</subfield>
      <subfield code="n">Canada Commons: Books &amp; Documents</subfield>
      <subfield code="b">param</subfield>
      <subfield code="1">62753503460006421</subfield>
      <subfield code="c">d?u.ignore_date_coverage=true&amp;rft.mms_id=99125199098306421</subfield>
      <subfield code="a">Available</subfield>
      <subfield code="l">614330000000000953</subfield>
      <subfield code="e">BOOK</subfield>
      <subfield code="8">53773971510006421</subfield>
    </datafield>
  </record>