
  <record>
    <leader>01772nas-a2200505-a-4500</leader>
    <controlfield tag="001">99125173608706421</controlfield>
    <controlfield tag="005">20231101152352.0</controlfield>
    <controlfield tag="006">m-----o--d--------</controlfield>
    <controlfield tag="007">cr-cn|||||||||</controlfield>
    <controlfield tag="008">010105c19479999hiuqr-pso-----0---a0eng-c</controlfield>
    <datafield tag="010" ind1=" " ind2=" ">
      <subfield code="a">  2001212000</subfield>
    </datafield>
    <datafield tag="016" ind1="7" ind2=" ">
      <subfield code="a">2053522 -3</subfield>
      <subfield code="2">DE-600</subfield>
    </datafield>
    <datafield tag="016" ind1="7" ind2=" ">
      <subfield code="a">2053522 3</subfield>
      <subfield code="2">DE-600</subfield>
    </datafield>
    <datafield tag="022" ind1=" " ind2=" ">
      <subfield code="a">1534-6188</subfield>
    </datafield>
    <datafield tag="035" ind1=" " ind2=" ">
      <subfield code="a">(OCoLC)45666040</subfield>
    </datafield>
    <datafield tag="035" ind1=" " ind2=" ">
      <subfield code="a">(CKB)954928503549</subfield>
    </datafield>
    <datafield tag="035" ind1=" " ind2=" ">
      <subfield code="a">(CONSER)--2001212000</subfield>
    </datafield>
    <datafield tag="035" ind1=" " ind2=" ">
      <subfield code="a">(MiAaPQ)1145</subfield>
    </datafield>
    <datafield tag="035" ind1=" " ind2=" ">
      <subfield code="a">(DE-599)ZDB2053522-3</subfield>
    </datafield>
    <datafield tag="035" ind1=" " ind2=" ">
      <subfield code="a">(EXLCZ)99954928503549</subfield>
    </datafield>
    <datafield tag="037" ind1=" " ind2=" ">
      <subfield code="b">Project Muse, The Johns Hopkins University Press, 2715 N. Charles Street, Baltimore, Maryland 21211</subfield>
    </datafield>
    <datafield tag="042" ind1=" " ind2=" ">
      <subfield code="a">nsdp</subfield>
      <subfield code="a">pcc</subfield>
    </datafield>
    <datafield tag="050" ind1=" " ind2="4">
      <subfield code="a">QH1</subfield>
    </datafield>
    <datafield tag="082" ind1="1" ind2="0">
      <subfield code="a">574</subfield>
      <subfield code="2">13</subfield>
    </datafield>
    <datafield tag="130" ind1="0" ind2=" ">
      <subfield code="a">Pacific science (Online)</subfield>
    </datafield>
    <datafield tag="222" ind1=" " ind2="0">
      <subfield code="a">Pacific science</subfield>
      <subfield code="b">(Online)</subfield>
    </datafield>
    <datafield tag="245" ind1="1" ind2="0">
      <subfield code="a">Pacific science.</subfield>
    </datafield>
    <datafield tag="260" ind1=" " ind2=" ">
      <subfield code="a">Honolulu :</subfield>
      <subfield code="b">University of Hawai'i Press</subfield>
    </datafield>
    <datafield tag="336" ind1=" " ind2=" ">
      <subfield code="a">text</subfield>
      <subfield code="b">txt</subfield>
      <subfield code="2">rdacontent</subfield>
    </datafield>
    <datafield tag="337" ind1=" " ind2=" ">
      <subfield code="a">computer</subfield>
      <subfield code="b">c</subfield>
      <subfield code="2">rdamedia</subfield>
    </datafield>
    <datafield tag="338" ind1=" " ind2=" ">
      <subfield code="a">online resource</subfield>
      <subfield code="b">cr</subfield>
      <subfield code="2">rdacarrier</subfield>
    </datafield>
    <datafield tag="362" ind1="1" ind2=" ">
      <subfield code="a">Print began in 1947.</subfield>
    </datafield>
    <datafield tag="500" ind1=" " ind2=" ">
      <subfield code="a">"A quarterly devoted to the biological and physical sciences of the Pacific region."</subfield>
    </datafield>
    <datafield tag="550" ind1=" " ind2=" ">
      <subfield code="a">"Official journal of the Pacific Science Association."</subfield>
    </datafield>
    <datafield tag="588" ind1="0" ind2=" ">
      <subfield code="a">Vol. 55, no. 1 (Jan. 2001); title from title screen (viewed Jan. 5, 2001).</subfield>
    </datafield>
    <datafield tag="500" ind1=" " ind2=" ">
      <subfield code="a">Refereed/Peer-reviewed</subfield>
    </datafield>
    <datafield tag="650" ind1=" " ind2="0">
      <subfield code="a">Science</subfield>
      <subfield code="v">Periodicals.</subfield>
    </datafield>
    <datafield tag="650" ind1=" " ind2="6">
      <subfield code="a">Sciences</subfield>
      <subfield code="v">Périodiques.</subfield>
    </datafield>
    <datafield tag="650" ind1=" " ind2="7">
      <subfield code="a">Science.</subfield>
      <subfield code="2">fast</subfield>
      <subfield code="0">(OCoLC)fst01108176</subfield>
    </datafield>
    <datafield tag="650" ind1="1" ind2="7">
      <subfield code="a">Sciences naturelles.</subfield>
      <subfield code="2">rasuqam</subfield>
    </datafield>
    <datafield tag="655" ind1=" " ind2="7">
      <subfield code="a">Periodicals.</subfield>
      <subfield code="2">fast</subfield>
      <subfield code="0">(OCoLC)fst01411641</subfield>
    </datafield>
    <datafield tag="655" ind1=" " ind2="7">
      <subfield code="a">Periodicals.</subfield>
      <subfield code="2">lcgft</subfield>
    </datafield>
    <datafield tag="655" ind1=" " ind2="7">
      <subfield code="a">Ressource Internet (Descripteur de forme)</subfield>
      <subfield code="2">rasuqam</subfield>
    </datafield>
    <datafield tag="655" ind1=" " ind2="7">
      <subfield code="a">Périodique électronique (Descripteur de forme)</subfield>
      <subfield code="2">rasuqam</subfield>
    </datafield>
    <datafield tag="710" ind1="2" ind2=" ">
      <subfield code="a">Pacific Science Association.</subfield>
    </datafield>
    <datafield tag="776" ind1=" " ind2=" ">
      <subfield code="x">0030-8870</subfield>
    </datafield>
    <datafield tag="906" ind1=" " ind2=" ">
      <subfield code="a">JOURNAL</subfield>
    </datafield>
    <datafield tag="950" ind1=" " ind2=" ">
      <subfield code="c">2023-11-02 12:03:10 US/Eastern</subfield>
      <subfield code="b">2012-02-25 18:22:26 US/Eastern</subfield>
      <subfield code="a">false</subfield>
    </datafield>
    <datafield tag="951" ind1=" " ind2=" ">
      <subfield code="v">2021-07-15 08:28:26 US/Eastern</subfield>
      <subfield code="g">Free E- Journals</subfield>
      <subfield code="u">System</subfield>
      <subfield code="t">2021-07-15 08:28:18 US/Eastern</subfield>
      <subfield code="x">https://na05.alma.exlibrisgroup.com/view/uresolver/01PRI_INST/openurl?u.ignore_date_coverage=true&amp;portfolio_pid=53768387520006421&amp;Force_direct=true</subfield>
      <subfield code="s">SFX</subfield>
      <subfield code="0">53768387520006421</subfield>
      <subfield code="k"> Available from 1947 volume: 1 issue: 1 until 2000 volume: 54 issue: 4.</subfield>
      <subfield code="f">false</subfield>
      <subfield code="m">61753494380006421</subfield>
      <subfield code="n">Free E- Journals</subfield>
      <subfield code="b">param</subfield>
      <subfield code="1">62753511020006421</subfield>
      <subfield code="c">d?u.ignore_date_coverage=true&amp;rft.mms_id=99125173608706421</subfield>
      <subfield code="a">Available</subfield>
      <subfield code="l">61110976638852340</subfield>
      <subfield code="e">JOURNAL</subfield>
      <subfield code="8">53768387520006421</subfield>
    </datafield>
    <datafield tag="953" ind1=" " ind2=" ">
      <subfield code="a">53768387520006421</subfield>
      <subfield code="b">1947</subfield>
      <subfield code="c">2000</subfield>
      <subfield code="d">1</subfield>
      <subfield code="e">12</subfield>
      <subfield code="f">1</subfield>
      <subfield code="g">31</subfield>
      <subfield code="h">1</subfield>
      <subfield code="i">54</subfield>
      <subfield code="j">1</subfield>
      <subfield code="k">4</subfield>
    </datafield>
    <datafield tag="951" ind1=" " ind2=" ">
      <subfield code="v">2023-09-04 20:47:05 US/Eastern</subfield>
      <subfield code="g">Project Muse</subfield>
      <subfield code="u">System</subfield>
      <subfield code="t">2021-07-15 08:28:18 US/Eastern</subfield>
      <subfield code="x">https://na05.alma.exlibrisgroup.com/view/uresolver/01PRI_INST/openurl?u.ignore_date_coverage=true&amp;portfolio_pid=53768387530006421&amp;Force_direct=true</subfield>
      <subfield code="s">SFX</subfield>
      <subfield code="0">53768387530006421</subfield>
      <subfield code="k"> Available from 01/01/2001 volume: 55 issue: 1.</subfield>
      <subfield code="f">true</subfield>
      <subfield code="m">61753485540006421</subfield>
      <subfield code="n">Project Muse Premium Collection</subfield>
      <subfield code="b">param</subfield>
      <subfield code="q">118987-princetondb</subfield>
      <subfield code="1">62753514100006421</subfield>
      <subfield code="c">d?u.ignore_date_coverage=true&amp;rft.mms_id=99125173608706421</subfield>
      <subfield code="a">Available</subfield>
      <subfield code="l">611000000000000720</subfield>
      <subfield code="e">JOURNAL</subfield>
      <subfield code="8">53768387530006421</subfield>
    </datafield>
    <datafield tag="953" ind1=" " ind2=" ">
      <subfield code="a">53768387530006421</subfield>
      <subfield code="b">2001</subfield>
      <subfield code="d">1</subfield>
      <subfield code="f">1</subfield>
      <subfield code="h">55</subfield>
      <subfield code="j">1</subfield>
    </datafield>
    <datafield tag="951" ind1=" " ind2=" ">
      <subfield code="v">2021-07-15 08:28:26 US/Eastern</subfield>
      <subfield code="g">EBSCOhost</subfield>
      <subfield code="u">System</subfield>
      <subfield code="t">2021-07-15 08:28:18 US/Eastern</subfield>
      <subfield code="x">https://na05.alma.exlibrisgroup.com/view/uresolver/01PRI_INST/openurl?u.ignore_date_coverage=true&amp;portfolio_pid=53768387510006421&amp;Force_direct=true</subfield>
      <subfield code="s">SFX</subfield>
      <subfield code="0">53768387510006421</subfield>
      <subfield code="k"> Available from 01/01/2004. Most recent 1 year(s) not available.</subfield>
      <subfield code="f">true</subfield>
      <subfield code="m">61753492130006421</subfield>
      <subfield code="n">EBSCOhost Environment Complete</subfield>
      <subfield code="b">param</subfield>
      <subfield code="1">62753503670006421</subfield>
      <subfield code="c">d?u.ignore_date_coverage=true&amp;rft.mms_id=99125173608706421</subfield>
      <subfield code="a">Available</subfield>
      <subfield code="l">611000000000001503</subfield>
      <subfield code="e">JOURNAL</subfield>
      <subfield code="8">53768387510006421</subfield>
    </datafield>
    <datafield tag="953" ind1=" " ind2=" ">
      <subfield code="a">53768387510006421</subfield>
      <subfield code="b">2004</subfield>
      <subfield code="d">1</subfield>
      <subfield code="f">1</subfield>
    </datafield>
    <datafield tag="954" ind1=" " ind2=" ">
      <subfield code="a">53768387510006421</subfield>
      <subfield code="b">&gt;=</subfield>
      <subfield code="c">1</subfield>
    </datafield>
    <datafield tag="951" ind1=" " ind2=" ">
      <subfield code="v">2022-02-04 14:15:59 US/Eastern</subfield>
      <subfield code="g">Ezb</subfield>
      <subfield code="u">System</subfield>
      <subfield code="t">2022-02-04 14:15:58 US/Eastern</subfield>
      <subfield code="x">https://na05.alma.exlibrisgroup.com/view/uresolver/01PRI_INST/openurl?u.ignore_date_coverage=true&amp;portfolio_pid=53913563770006421&amp;Force_direct=true</subfield>
      <subfield code="s">System</subfield>
      <subfield code="0">53913563770006421</subfield>
      <subfield code="w">2022-02-04 19:15:58</subfield>
      <subfield code="k"> Available from 1947 volume: 1 until 2000 volume: 54.</subfield>
      <subfield code="f">false</subfield>
      <subfield code="m">61913212990006421</subfield>
      <subfield code="n">EZB Free E-Journals</subfield>
      <subfield code="b">param</subfield>
      <subfield code="1">62913212980006421</subfield>
      <subfield code="c">d?u.ignore_date_coverage=true&amp;rft.mms_id=99125173608706421</subfield>
      <subfield code="a">Available</subfield>
      <subfield code="l">615280000000001088</subfield>
      <subfield code="e">JOURNAL</subfield>
      <subfield code="8">53913563770006421</subfield>
    </datafield>
    <datafield tag="953" ind1=" " ind2=" ">
      <subfield code="a">53913563770006421</subfield>
      <subfield code="b">1947</subfield>
      <subfield code="c">2000</subfield>
      <subfield code="d">1</subfield>
      <subfield code="e">12</subfield>
      <subfield code="f">1</subfield>
      <subfield code="g">31</subfield>
      <subfield code="h">1</subfield>
      <subfield code="i">54</subfield>
    </datafield>
    <datafield tag="951" ind1=" " ind2=" ">
      <subfield code="v">2024-08-06 03:51:25 US/Eastern</subfield>
      <subfield code="g">ProQuest</subfield>
      <subfield code="u">System</subfield>
      <subfield code="t">2021-07-15 08:28:18 US/Eastern</subfield>
      <subfield code="x">https://na05.alma.exlibrisgroup.com/view/uresolver/01PRI_INST/openurl?u.ignore_date_coverage=true&amp;portfolio_pid=53768387550006421&amp;Force_direct=true</subfield>
      <subfield code="s">SFX</subfield>
      <subfield code="0">53768387550006421</subfield>
      <subfield code="k"> Available from 04/01/1998 volume: 52 issue: 2. Most recent 1 year(s) not available.</subfield>
      <subfield code="f">true</subfield>
      <subfield code="m">61753490010006421</subfield>
      <subfield code="n">SciTech Premium Collection</subfield>
      <subfield code="b">param</subfield>
      <subfield code="1">62753504260006421</subfield>
      <subfield code="c">d?u.ignore_date_coverage=true&amp;rft.mms_id=99125173608706421</subfield>
      <subfield code="a">Available</subfield>
      <subfield code="l">613790000000000496</subfield>
      <subfield code="e">JOURNAL</subfield>
      <subfield code="8">53768387550006421</subfield>
    </datafield>
    <datafield tag="953" ind1=" " ind2=" ">
      <subfield code="a">53768387550006421</subfield>
      <subfield code="b">1998</subfield>
      <subfield code="d">4</subfield>
      <subfield code="f">1</subfield>
      <subfield code="h">52</subfield>
      <subfield code="j">2</subfield>
    </datafield>
    <datafield tag="954" ind1=" " ind2=" ">
      <subfield code="a">53768387550006421</subfield>
      <subfield code="b">&gt;=</subfield>
      <subfield code="c">1</subfield>
    </datafield>
    <datafield tag="951" ind1=" " ind2=" ">
      <subfield code="v">2024-11-18 14:25:28 US/Eastern</subfield>
      <subfield code="g">Gale</subfield>
      <subfield code="u">System</subfield>
      <subfield code="t">2024-11-18 14:25:27 US/Eastern</subfield>
      <subfield code="x">https://na05.alma.exlibrisgroup.com/view/uresolver/01PRI_INST/openurl?u.ignore_date_coverage=true&amp;portfolio_pid=531033634490006421&amp;Force_direct=true</subfield>
      <subfield code="s">System</subfield>
      <subfield code="0">531033634490006421</subfield>
      <subfield code="w">2024-11-18 19:25:27</subfield>
      <subfield code="k"> Available from 10/01/2000. Most recent 1 year(s) not available.</subfield>
      <subfield code="f">true</subfield>
      <subfield code="m">611033529330006421</subfield>
      <subfield code="n">Gale In Context: Environmental Studies</subfield>
      <subfield code="b">param</subfield>
      <subfield code="1">621033529320006421</subfield>
      <subfield code="c">d?u.ignore_date_coverage=true&amp;rft.mms_id=99125173608706421</subfield>
      <subfield code="a">Available</subfield>
      <subfield code="l">611000000000002607</subfield>
      <subfield code="e">JOURNAL</subfield>
      <subfield code="8">531033634490006421</subfield>
    </datafield>
    <datafield tag="953" ind1=" " ind2=" ">
      <subfield code="a">531033634490006421</subfield>
      <subfield code="b">2000</subfield>
      <subfield code="d">10</subfield>
      <subfield code="f">1</subfield>
    </datafield>
    <datafield tag="954" ind1=" " ind2=" ">
      <subfield code="a">531033634490006421</subfield>
      <subfield code="b">&gt;=</subfield>
      <subfield code="c">1</subfield>
    </datafield>
    <datafield tag="951" ind1=" " ind2=" ">
      <subfield code="v">2024-07-27 05:49:05 US/Eastern</subfield>
      <subfield code="g">ProQuest</subfield>
      <subfield code="u">System</subfield>
      <subfield code="t">2021-07-15 08:28:18 US/Eastern</subfield>
      <subfield code="x">https://na05.alma.exlibrisgroup.com/view/uresolver/01PRI_INST/openurl?u.ignore_date_coverage=true&amp;portfolio_pid=53768387540006421&amp;Force_direct=true</subfield>
      <subfield code="s">SFX</subfield>
      <subfield code="0">53768387540006421</subfield>
      <subfield code="k"> Available from 04/01/1998 volume: 52 issue: 2. Most recent 1 year(s) not available.</subfield>
      <subfield code="f">true</subfield>
      <subfield code="m">61753489860006421</subfield>
      <subfield code="n">ProQuest Central</subfield>
      <subfield code="b">param</subfield>
      <subfield code="q">998637-princetondb</subfield>
      <subfield code="1">62753504640006421</subfield>
      <subfield code="c">d?u.ignore_date_coverage=true&amp;rft.mms_id=99125173608706421</subfield>
      <subfield code="a">Available</subfield>
      <subfield code="l">613790000000000466</subfield>
      <subfield code="e">JOURNAL</subfield>
      <subfield code="8">53768387540006421</subfield>
    </datafield>
    <datafield tag="953" ind1=" " ind2=" ">
      <subfield code="a">53768387540006421</subfield>
      <subfield code="b">1998</subfield>
      <subfield code="d">4</subfield>
      <subfield code="f">1</subfield>
      <subfield code="h">52</subfield>
      <subfield code="j">2</subfield>
    </datafield>
    <datafield tag="954" ind1=" " ind2=" ">
      <subfield code="a">53768387540006421</subfield>
      <subfield code="b">&gt;=</subfield>
      <subfield code="c">1</subfield>
    </datafield>
    <datafield tag="951" ind1=" " ind2=" ">
      <subfield code="v">2021-07-15 08:28:26 US/Eastern</subfield>
      <subfield code="g">BioOne</subfield>
      <subfield code="u">System</subfield>
      <subfield code="t">2021-07-15 08:28:17 US/Eastern</subfield>
      <subfield code="x">https://na05.alma.exlibrisgroup.com/view/uresolver/01PRI_INST/openurl?u.ignore_date_coverage=true&amp;portfolio_pid=53768387490006421&amp;Force_direct=true</subfield>
      <subfield code="s">SFX</subfield>
      <subfield code="0">53768387490006421</subfield>
      <subfield code="k"> Available from 2005 volume: 59 issue: 1.</subfield>
      <subfield code="f">true</subfield>
      <subfield code="m">61753494750006421</subfield>
      <subfield code="n">BioOne Complete</subfield>
      <subfield code="b">param</subfield>
      <subfield code="q">2149649-princetondb</subfield>
      <subfield code="1">62753500500006421</subfield>
      <subfield code="c">d?u.ignore_date_coverage=true&amp;rft.mms_id=99125173608706421</subfield>
      <subfield code="a">Available</subfield>
      <subfield code="l">613800000000000374</subfield>
      <subfield code="e">JOURNAL</subfield>
      <subfield code="8">53768387490006421</subfield>
    </datafield>
    <datafield tag="953" ind1=" " ind2=" ">
      <subfield code="a">53768387490006421</subfield>
      <subfield code="b">2005</subfield>
      <subfield code="d">1</subfield>
      <subfield code="f">1</subfield>
      <subfield code="h">59</subfield>
      <subfield code="j">1</subfield>
    </datafield>
    <datafield tag="951" ind1=" " ind2=" ">
      <subfield code="v">2021-07-15 08:28:26 US/Eastern</subfield>
      <subfield code="g">EBSCOhost</subfield>
      <subfield code="u">System</subfield>
      <subfield code="t">2021-07-15 08:28:18 US/Eastern</subfield>
      <subfield code="x">https://na05.alma.exlibrisgroup.com/view/uresolver/01PRI_INST/openurl?u.ignore_date_coverage=true&amp;portfolio_pid=53768387500006421&amp;Force_direct=true</subfield>
      <subfield code="s">SFX</subfield>
      <subfield code="0">53768387500006421</subfield>
      <subfield code="k"> Available from 01/01/2004. Most recent 1 year(s) not available.</subfield>
      <subfield code="f">true</subfield>
      <subfield code="m">61753488630006421</subfield>
      <subfield code="n">EBSCOhost Academic Search Ultimate</subfield>
      <subfield code="b">param</subfield>
      <subfield code="1">62753512700006421</subfield>
      <subfield code="c">d?u.ignore_date_coverage=true&amp;rft.mms_id=99125173608706421</subfield>
      <subfield code="a">Available</subfield>
      <subfield code="l">614340000000000211</subfield>
      <subfield code="e">JOURNAL</subfield>
      <subfield code="8">53768387500006421</subfield>
    </datafield>
    <datafield tag="953" ind1=" " ind2=" ">
      <subfield code="a">53768387500006421</subfield>
      <subfield code="b">2004</subfield>
      <subfield code="d">1</subfield>
      <subfield code="f">1</subfield>
    </datafield>
    <datafield tag="954" ind1=" " ind2=" ">
      <subfield code="a">53768387500006421</subfield>
      <subfield code="b">&gt;=</subfield>
      <subfield code="c">1</subfield>
    </datafield>
    <datafield tag="951" ind1=" " ind2=" ">
      <subfield code="v">2024-09-30 08:59:22 US/Eastern</subfield>
      <subfield code="g">Biodiversity Heritage Library</subfield>
      <subfield code="u">010001224</subfield>
      <subfield code="j">open access</subfield>
      <subfield code="t">2022-05-30 03:25:52 US/Eastern</subfield>
      <subfield code="x">https://na05.alma.exlibrisgroup.com/view/uresolver/01PRI_INST/openurl?u.ignore_date_coverage=true&amp;portfolio_pid=53930364240006421&amp;Force_direct=true</subfield>
      <subfield code="s">electronic inventory creator</subfield>
      <subfield code="0">53930364240006421</subfield>
      <subfield code="w">2022-05-30 12:58:51</subfield>
      <subfield code="k"> Available from 1947 volume: 1 until 1968 volume: 22.</subfield>
      <subfield code="f">false</subfield>
      <subfield code="m">61753489330006421</subfield>
      <subfield code="n">Biodiversity Heritage Library Free</subfield>
      <subfield code="b">param</subfield>
      <subfield code="1">62753506010006421</subfield>
      <subfield code="c">d?u.ignore_date_coverage=true&amp;rft.mms_id=99125173608706421</subfield>
      <subfield code="a">Available</subfield>
      <subfield code="l">613780000000001162</subfield>
      <subfield code="e">JOURNAL</subfield>
      <subfield code="8">53930364240006421</subfield>
    </datafield>
    <datafield tag="953" ind1=" " ind2=" ">
      <subfield code="a">53930364240006421</subfield>
      <subfield code="b">1947</subfield>
      <subfield code="c">1968</subfield>
      <subfield code="d">1</subfield>
      <subfield code="e">12</subfield>
      <subfield code="f">1</subfield>
      <subfield code="g">31</subfield>
      <subfield code="h">1</subfield>
      <subfield code="i">22</subfield>
    </datafield>
  </record>