
  <record>
    <leader>01667nas  2200481 a 4500</leader>
    <controlfield tag="001">99125158440406421</controlfield>
    <controlfield tag="005">20240621135227.0</controlfield>
    <controlfield tag="006">m     o  d        </controlfield>
    <controlfield tag="007">cr#mnu---|||||</controlfield>
    <controlfield tag="008">000404c19619999nyubr pso     0   a0eng c</controlfield>
    <datafield tag="010" ind1=" " ind2=" ">
      <subfield code="a">  2004233727</subfield>
    </datafield>
    <datafield tag="016" ind1="7" ind2=" ">
      <subfield code="a">1480918-7</subfield>
      <subfield code="2">DE-600</subfield>
    </datafield>
    <datafield tag="022" ind1=" " ind2=" ">
      <subfield code="a">1435-0653</subfield>
    </datafield>
    <datafield tag="035" ind1=" " ind2=" ">
      <subfield code="a">(OCoLC)43768579</subfield>
    </datafield>
    <datafield tag="035" ind1=" " ind2=" ">
      <subfield code="a">(CKB)954925393356</subfield>
    </datafield>
    <datafield tag="035" ind1=" " ind2=" ">
      <subfield code="a">(CONSER)  2004233727</subfield>
    </datafield>
    <datafield tag="035" ind1=" " ind2=" ">
      <subfield code="a">(DE-599)ZDB1480918-7</subfield>
    </datafield>
    <datafield tag="035" ind1=" " ind2=" ">
      <subfield code="a">(MiAaPQ)30013</subfield>
    </datafield>
    <datafield tag="035" ind1=" " ind2=" ">
      <subfield code="a">(EXLCZ)99954925393356</subfield>
    </datafield>
    <datafield tag="042" ind1=" " ind2=" ">
      <subfield code="a">pcc</subfield>
      <subfield code="a">nsdp</subfield>
    </datafield>
    <datafield tag="050" ind1="1" ind2="0">
      <subfield code="a">ISSN RECORD</subfield>
    </datafield>
    <datafield tag="050" ind1="1" ind2="4">
      <subfield code="a">SB183</subfield>
    </datafield>
    <datafield tag="082" ind1="1" ind2="0">
      <subfield code="a">631</subfield>
      <subfield code="2">14</subfield>
    </datafield>
    <datafield tag="130" ind1="0" ind2=" ">
      <subfield code="a">Crop science (Online)</subfield>
    </datafield>
    <datafield tag="222" ind1=" " ind2="0">
      <subfield code="a">Crop science</subfield>
      <subfield code="b">(Online)</subfield>
    </datafield>
    <datafield tag="245" ind1="1" ind2="0">
      <subfield code="a">Crop science.</subfield>
    </datafield>
    <datafield tag="260" ind1=" " ind2=" ">
      <subfield code="3">1961-&lt;1997&gt;:</subfield>
      <subfield code="a">[Madison, Wis.] :</subfield>
      <subfield code="b">Crop Science Society of America</subfield>
    </datafield>
    <datafield tag="260" ind1="3" ind2=" ">
      <subfield code="3">&lt;1998-&gt;:</subfield>
      <subfield code="a">New York :</subfield>
      <subfield code="b">Springer</subfield>
    </datafield>
    <datafield tag="310" ind1=" " ind2=" ">
      <subfield code="a">Bimonthly</subfield>
    </datafield>
    <datafield tag="362" ind1="1" ind2=" ">
      <subfield code="a">Print began with v. 1, published in 1961.</subfield>
    </datafield>
    <datafield tag="500" ind1=" " ind2=" ">
      <subfield code="a">Description based on: Vol. 38, issue 1 (Jan./Feb. 1998); title from journal homepage (Highwire Press, viewed July 1, 2004).</subfield>
    </datafield>
    <datafield tag="500" ind1=" " ind2=" ">
      <subfield code="a">Latest issue consulted: Vol. 49, no. 5 (Sept./Oct. 2009) (viewed Sept. 4, 2009).</subfield>
    </datafield>
    <datafield tag="550" ind1=" " ind2=" ">
      <subfield code="a">Official publication of the Crop Science Society of America.</subfield>
    </datafield>
    <datafield tag="500" ind1=" " ind2=" ">
      <subfield code="a">Refereed/Peer-reviewed</subfield>
    </datafield>
    <datafield tag="650" ind1=" " ind2="0">
      <subfield code="a">Crop science</subfield>
      <subfield code="v">Periodicals.</subfield>
    </datafield>
    <datafield tag="650" ind1=" " ind2="7">
      <subfield code="a">Agricultura.</subfield>
      <subfield code="2">thub</subfield>
    </datafield>
    <datafield tag="650" ind1=" " ind2="7">
      <subfield code="a">Conreu.</subfield>
      <subfield code="2">thub</subfield>
    </datafield>
    <datafield tag="650" ind1=" " ind2="7">
      <subfield code="a">Genètica vegetal.</subfield>
      <subfield code="2">thub</subfield>
    </datafield>
    <datafield tag="650" ind1=" " ind2="7">
      <subfield code="a">Desenvolupament sostenible.</subfield>
      <subfield code="2">thub</subfield>
    </datafield>
    <datafield tag="655" ind1=" " ind2="7">
      <subfield code="a">Revistes electròniques.</subfield>
      <subfield code="2">thub</subfield>
    </datafield>
    <datafield tag="710" ind1="2" ind2="7">
      <subfield code="a">Crop Science Society of America.</subfield>
    </datafield>
    <datafield tag="770" ind1="0" ind2=" ">
      <subfield code="t">Journal Of Plant Registrations</subfield>
      <subfield code="w">(CKB)1000000000292243</subfield>
      <subfield code="w">(DLC)2007214301</subfield>
      <subfield code="x">1940-3496</subfield>
    </datafield>
    <datafield tag="776" ind1=" " ind2=" ">
      <subfield code="x">0011-183X</subfield>
    </datafield>
    <datafield tag="906" ind1=" " ind2=" ">
      <subfield code="a">JOURNAL</subfield>
    </datafield>
    <datafield tag="950" ind1=" " ind2=" ">
      <subfield code="c">2024-06-22 03:49:11 US/Eastern</subfield>
      <subfield code="b">2012-02-25 16:40:23 US/Eastern</subfield>
      <subfield code="a">false</subfield>
    </datafield>
    <datafield tag="951" ind1=" " ind2=" ">
      <subfield code="v">2024-07-27 05:43:55 US/Eastern</subfield>
      <subfield code="g">ProQuest</subfield>
      <subfield code="u">System</subfield>
      <subfield code="t">2021-07-15 07:54:01 US/Eastern</subfield>
      <subfield code="x">https://na05.alma.exlibrisgroup.com/view/uresolver/01PRI_INST/openurl?u.ignore_date_coverage=true&amp;portfolio_pid=53765080240006421&amp;Force_direct=true</subfield>
      <subfield code="s">SFX</subfield>
      <subfield code="0">53765080240006421</subfield>
      <subfield code="k"> Available from 01/01/2002 volume: 42 issue: 1 until 01/31/2015 volume: 55 issue: 1.</subfield>
      <subfield code="f">true</subfield>
      <subfield code="m">61753489860006421</subfield>
      <subfield code="n">ProQuest Central</subfield>
      <subfield code="b">param</subfield>
      <subfield code="q">998637-princetondb</subfield>
      <subfield code="1">62753504640006421</subfield>
      <subfield code="c">d?u.ignore_date_coverage=true&amp;rft.mms_id=99125158440406421</subfield>
      <subfield code="a">Available</subfield>
      <subfield code="l">613790000000000466</subfield>
      <subfield code="e">JOURNAL</subfield>
      <subfield code="8">53765080240006421</subfield>
    </datafield>
    <datafield tag="953" ind1=" " ind2=" ">
      <subfield code="a">53765080240006421</subfield>
      <subfield code="b">2002</subfield>
      <subfield code="c">2015</subfield>
      <subfield code="d">1</subfield>
      <subfield code="e">1</subfield>
      <subfield code="f">1</subfield>
      <subfield code="g">31</subfield>
      <subfield code="h">42</subfield>
      <subfield code="i">55</subfield>
      <subfield code="j">1</subfield>
      <subfield code="k">1</subfield>
    </datafield>
    <datafield tag="951" ind1=" " ind2=" ">
      <subfield code="v">2024-08-06 03:39:54 US/Eastern</subfield>
      <subfield code="g">ProQuest</subfield>
      <subfield code="u">System</subfield>
      <subfield code="t">2021-07-15 07:54:01 US/Eastern</subfield>
      <subfield code="x">https://na05.alma.exlibrisgroup.com/view/uresolver/01PRI_INST/openurl?u.ignore_date_coverage=true&amp;portfolio_pid=53765080250006421&amp;Force_direct=true</subfield>
      <subfield code="s">SFX</subfield>
      <subfield code="0">53765080250006421</subfield>
      <subfield code="k"> Available from 01/01/2002 volume: 42 issue: 1 until 01/31/2015 volume: 55 issue: 1.</subfield>
      <subfield code="f">true</subfield>
      <subfield code="m">61753490010006421</subfield>
      <subfield code="n">SciTech Premium Collection</subfield>
      <subfield code="b">param</subfield>
      <subfield code="1">62753504260006421</subfield>
      <subfield code="c">d?u.ignore_date_coverage=true&amp;rft.mms_id=99125158440406421</subfield>
      <subfield code="a">Available</subfield>
      <subfield code="l">613790000000000496</subfield>
      <subfield code="e">JOURNAL</subfield>
      <subfield code="8">53765080250006421</subfield>
    </datafield>
    <datafield tag="953" ind1=" " ind2=" ">
      <subfield code="a">53765080250006421</subfield>
      <subfield code="b">2002</subfield>
      <subfield code="c">2015</subfield>
      <subfield code="d">1</subfield>
      <subfield code="e">1</subfield>
      <subfield code="f">1</subfield>
      <subfield code="g">31</subfield>
      <subfield code="h">42</subfield>
      <subfield code="i">55</subfield>
      <subfield code="j">1</subfield>
      <subfield code="k">1</subfield>
    </datafield>
    <datafield tag="951" ind1=" " ind2=" ">
      <subfield code="v">2024-10-24 15:07:04 US/Eastern</subfield>
      <subfield code="g">Wiley Online Library</subfield>
      <subfield code="u">960754590</subfield>
      <subfield code="t">2024-10-24 11:39:23 US/Eastern</subfield>
      <subfield code="x">https://na05.alma.exlibrisgroup.com/view/uresolver/01PRI_INST/openurl?u.ignore_date_coverage=true&amp;portfolio_pid=531031426170006421&amp;Force_direct=true</subfield>
      <subfield code="s">010001224</subfield>
      <subfield code="0">531031426170006421</subfield>
      <subfield code="w">2024-10-24 19:06:43</subfield>
      <subfield code="k"> Available from 1997 volume: 37.</subfield>
      <subfield code="f">true</subfield>
      <subfield code="m">61753494310006421</subfield>
      <subfield code="n">Wiley Online Library Journals</subfield>
      <subfield code="b">param</subfield>
      <subfield code="1">62753509730006421</subfield>
      <subfield code="c">d?u.ignore_date_coverage=true&amp;rft.mms_id=99125158440406421</subfield>
      <subfield code="a">Available</subfield>
      <subfield code="l">61110974475362507</subfield>
      <subfield code="e">JOURNAL</subfield>
      <subfield code="8">531031426170006421</subfield>
    </datafield>
    <datafield tag="953" ind1=" " ind2=" ">
      <subfield code="a">531031426170006421</subfield>
      <subfield code="b">1997</subfield>
      <subfield code="d">1</subfield>
      <subfield code="f">1</subfield>
      <subfield code="h">37</subfield>
    </datafield>
  </record>