
  <record>
    <leader>04290cam##22040523u#4500</leader>
    <controlfield tag="001">99125144091806421</controlfield>
    <controlfield tag="008">220128s2012||||||||||||o|||||||||||engsd</controlfield>
    <datafield tag="035" ind1=" " ind2=" ">
      <subfield code="a">(CKB)3780000000432293</subfield>
    </datafield>
    <datafield tag="035" ind1=" " ind2=" ">
      <subfield code="a">(UtSlPG)39103</subfield>
    </datafield>
    <datafield tag="035" ind1=" " ind2=" ">
      <subfield code="a">(EXLCZ)993780000000432293</subfield>
    </datafield>
    <datafield tag="040" ind1=" " ind2=" ">
      <subfield code="a">UtSlPG</subfield>
      <subfield code="b">eng</subfield>
      <subfield code="c">IL-JeEL</subfield>
    </datafield>
    <datafield tag="041" ind1=" " ind2=" ">
      <subfield code="a">eng</subfield>
    </datafield>
    <datafield tag="100" ind1=" " ind2=" ">
      <subfield code="a">Kilmer, Joyce</subfield>
      <subfield code="d">1886-1918</subfield>
      <subfield code="e">Author</subfield>
    </datafield>
    <datafield tag="245" ind1="1" ind2="0">
      <subfield code="a">The Circus, and Other Essays and Fugitive Pieces</subfield>
    </datafield>
    <datafield tag="260" ind1=" " ind2=" ">
      <subfield code="b">Project Gutenberg</subfield>
    </datafield>
    <datafield tag="505" ind1=" " ind2=" ">
      <subfield code="a">The circus, and other essays: The circus. The abolition of poets. Noon-hour adventuring. Signs and symbols. The great nickel adventure. The urban chanticleer. Daily traveling. Incongruous New York. In memorium, John Bunny. The day after Christmas -- Fugitive pieces: The ashman. The bear that walks like a man. Absinthe at the Cheshire Cheese. Japanese lacquer. Sappho rediviva. The poetry of Gerard Hopkins. Philosophical tendencies in English literature. Two lectures on English poetry: The ballad, The sonnet. Gilbert K. Chesterton and his poetry. Lionel Johnson, Ernest Dowson, Aubrey Beardsley. Swinburne and Francis Thompson. A note on Thomas Hardy. Madison Julius Cawein. Francis Thompson. John Masefield. William Vaughn Moody.</subfield>
    </datafield>
    <datafield tag="542" ind1=" " ind2=" ">
      <subfield code="f">Public domain in the USA.</subfield>
      <subfield code="k">Project Gutenberg</subfield>
      <subfield code="i">2012-03-10</subfield>
    </datafield>
    <datafield tag="700" ind1=" " ind2=" ">
      <subfield code="a">Holliday, Robert Cortes</subfield>
      <subfield code="d">1880-1947</subfield>
      <subfield code="e">Commentator</subfield>
    </datafield>
    <datafield tag="906" ind1=" " ind2=" ">
      <subfield code="a">BOOK</subfield>
    </datafield>
    <datafield tag="950" ind1=" " ind2=" ">
      <subfield code="c">2022-08-15 00:55:15 US/Eastern</subfield>
      <subfield code="b">2017-08-13 03:01:49 US/Eastern</subfield>
      <subfield code="a">false</subfield>
    </datafield>
    <datafield tag="951" ind1=" " ind2=" ">
      <subfield code="v">2022-02-19 17:24:15 US/Eastern</subfield>
      <subfield code="g">Project Gutenberg</subfield>
      <subfield code="u">System</subfield>
      <subfield code="j">free site; not using proxy --nb, 2/18</subfield>
      <subfield code="t">2021-07-15 07:23:45 US/Eastern</subfield>
      <subfield code="x">https://na05.alma.exlibrisgroup.com/view/uresolver/01PRI_INST/openurl?u.ignore_date_coverage=true&amp;portfolio_pid=53762019700006421&amp;Force_direct=true</subfield>
      <subfield code="s">SFX</subfield>
      <subfield code="0">53762019700006421</subfield>
      <subfield code="f">false</subfield>
      <subfield code="m">61753481190006421</subfield>
      <subfield code="n">Project Gutenberg Online Catalog</subfield>
      <subfield code="b">param</subfield>
      <subfield code="1">62753514350006421</subfield>
      <subfield code="c">d?u.ignore_date_coverage=true&amp;rft.mms_id=99125144091806421</subfield>
      <subfield code="a">Available</subfield>
      <subfield code="l">613780000000001569</subfield>
      <subfield code="e">BOOK</subfield>
      <subfield code="8">53762019700006421</subfield>
    </datafield>
  </record>