
  <record>
    <leader>03385cam a22007097i 4500</leader>
    <controlfield tag="005">20210219190034.0</controlfield>
    <controlfield tag="006">m     o  d        </controlfield>
    <controlfield tag="007">cr mn |||||a|a</controlfield>
    <controlfield tag="008">050824s2005    enka    ob    001 0 eng d</controlfield>
    <controlfield tag="001">99123054713506421</controlfield>
    <datafield tag="010" ind1=" " ind2=" ">
      <subfield code="a">  2004025854</subfield>
    </datafield>
    <datafield tag="015" ind1=" " ind2=" ">
      <subfield code="a">GBA489533</subfield>
      <subfield code="2">bnb</subfield>
    </datafield>
    <datafield tag="015" ind1=" " ind2=" ">
      <subfield code="a">GBB8C1935</subfield>
      <subfield code="2">bnb</subfield>
    </datafield>
    <datafield tag="016" ind1="7" ind2=" ">
      <subfield code="a">018918789</subfield>
      <subfield code="2">Uk</subfield>
    </datafield>
    <datafield tag="016" ind1="7" ind2=" ">
      <subfield code="z">013064178</subfield>
      <subfield code="2">Uk</subfield>
    </datafield>
    <datafield tag="019" ind1=" " ind2=" ">
      <subfield code="a">144564740</subfield>
      <subfield code="a">648140724</subfield>
      <subfield code="a">1000435152</subfield>
      <subfield code="a">1038431092</subfield>
      <subfield code="a">1043059504</subfield>
      <subfield code="a">1050977047</subfield>
      <subfield code="a">1052203912</subfield>
      <subfield code="a">1063683776</subfield>
      <subfield code="a">1099840972</subfield>
      <subfield code="a">1136384533</subfield>
    </datafield>
    <datafield tag="020" ind1=" " ind2=" ">
      <subfield code="a">0203020758</subfield>
      <subfield code="q">(electronic bk.)</subfield>
    </datafield>
    <datafield tag="020" ind1=" " ind2=" ">
      <subfield code="a">020302351X</subfield>
    </datafield>
    <datafield tag="020" ind1=" " ind2=" ">
      <subfield code="a">1134226837</subfield>
    </datafield>
    <datafield tag="020" ind1=" " ind2=" ">
      <subfield code="a">1134226845</subfield>
    </datafield>
    <datafield tag="020" ind1=" " ind2=" ">
      <subfield code="a">1280171391</subfield>
    </datafield>
    <datafield tag="020" ind1=" " ind2=" ">
      <subfield code="a">6610171394</subfield>
    </datafield>
    <datafield tag="020" ind1=" " ind2=" ">
      <subfield code="a">9780203020753</subfield>
      <subfield code="q">(electronic bk.)</subfield>
    </datafield>
    <datafield tag="020" ind1=" " ind2=" ">
      <subfield code="a">9780203023518</subfield>
    </datafield>
    <datafield tag="020" ind1=" " ind2=" ">
      <subfield code="a">9781134226832</subfield>
    </datafield>
    <datafield tag="020" ind1=" " ind2=" ">
      <subfield code="a">9781134226849</subfield>
    </datafield>
    <datafield tag="020" ind1=" " ind2=" ">
      <subfield code="a">9781280171390</subfield>
    </datafield>
    <datafield tag="020" ind1=" " ind2=" ">
      <subfield code="a">9786610171392</subfield>
    </datafield>
    <datafield tag="020" ind1=" " ind2=" ">
      <subfield code="z">041534283X</subfield>
      <subfield code="q">(pbk. ;</subfield>
      <subfield code="q">alk. paper)</subfield>
    </datafield>
    <datafield tag="020" ind1=" " ind2=" ">
      <subfield code="z">0415363586</subfield>
      <subfield code="q">(hardback ;</subfield>
      <subfield code="q">alk. paper)</subfield>
    </datafield>
    <datafield tag="020" ind1=" " ind2=" ">
      <subfield code="z">9780415342834</subfield>
      <subfield code="q">(pbk. ;</subfield>
      <subfield code="q">alk. paper)</subfield>
    </datafield>
    <datafield tag="020" ind1=" " ind2=" ">
      <subfield code="z">9780415363587</subfield>
      <subfield code="q">(hardback ;</subfield>
      <subfield code="q">alk. paper)</subfield>
    </datafield>
    <datafield tag="024" ind1="7" ind2=" ">
      <subfield code="a">10.4324/9780203020753</subfield>
      <subfield code="2">doi</subfield>
    </datafield>
    <datafield tag="035" ind1=" " ind2=" ">
      <subfield code="9">(TAYLORFRANCIS)ocm61336873\</subfield>
    </datafield>
    <datafield tag="035" ind1=" " ind2=" ">
      <subfield code="a">(OCoLC)61336873</subfield>
      <subfield code="z">(OCoLC)144564740</subfield>
      <subfield code="z">(OCoLC)648140724</subfield>
      <subfield code="z">(OCoLC)1000435152</subfield>
      <subfield code="z">(OCoLC)1038431092</subfield>
      <subfield code="z">(OCoLC)1043059504</subfield>
      <subfield code="z">(OCoLC)1050977047</subfield>
      <subfield code="z">(OCoLC)1052203912</subfield>
      <subfield code="z">(OCoLC)1063683776</subfield>
      <subfield code="z">(OCoLC)1099840972</subfield>
      <subfield code="z">(OCoLC)1136384533</subfield>
    </datafield>
    <datafield tag="035" ind1=" " ind2=" ">
      <subfield code="a">(NjP)12305471-princetondb</subfield>
    </datafield>
    <datafield tag="035" ind1=" " ind2=" ">
      <subfield code="z">(OCoLC)144564740</subfield>
      <subfield code="z">(OCoLC)648140724</subfield>
      <subfield code="z">(OCoLC)1000435152</subfield>
      <subfield code="z">(OCoLC)1038431092</subfield>
      <subfield code="z">(OCoLC)1043059504</subfield>
      <subfield code="z">(OCoLC)1050977047</subfield>
      <subfield code="z">(OCoLC)1052203912</subfield>
      <subfield code="z">(OCoLC)1063683776</subfield>
      <subfield code="z">(OCoLC)1099840972</subfield>
      <subfield code="z">(OCoLC)1136384533</subfield>
    </datafield>
    <datafield tag="035" ind1=" " ind2=" ">
      <subfield code="z">(NjP)Voyager12305471</subfield>
    </datafield>
    <datafield tag="037" ind1=" " ind2=" ">
      <subfield code="a">9781134226832</subfield>
      <subfield code="b">Ingram Content Group</subfield>
    </datafield>
    <datafield tag="040" ind1=" " ind2=" ">
      <subfield code="a">N$T</subfield>
      <subfield code="b">eng</subfield>
      <subfield code="e">pn</subfield>
      <subfield code="e">rda</subfield>
      <subfield code="c">N$T</subfield>
      <subfield code="d">OCLCQ</subfield>
      <subfield code="d">YDXCP</subfield>
      <subfield code="d">OCLCQ</subfield>
      <subfield code="d">IDEBK</subfield>
      <subfield code="d">E7B</subfield>
      <subfield code="d">OCLCQ</subfield>
      <subfield code="d">MERUC</subfield>
      <subfield code="d">OCLCQ</subfield>
      <subfield code="d">OCLCO</subfield>
      <subfield code="d">OCLCQ</subfield>
      <subfield code="d">OCLCF</subfield>
      <subfield code="d">TYFRS</subfield>
      <subfield code="d">OCLCO</subfield>
      <subfield code="d">OCLCQ</subfield>
      <subfield code="d">YDX</subfield>
      <subfield code="d">AGLDB</subfield>
      <subfield code="d">D6H</subfield>
      <subfield code="d">LND</subfield>
      <subfield code="d">OCLCQ</subfield>
      <subfield code="d">VTS</subfield>
      <subfield code="d">UPM</subfield>
      <subfield code="d">VT2</subfield>
      <subfield code="d">OCLCQ</subfield>
      <subfield code="d">NLE</subfield>
      <subfield code="d">OG$</subfield>
      <subfield code="d">STF</subfield>
      <subfield code="d">G3B</subfield>
      <subfield code="d">UKMGB</subfield>
      <subfield code="d">LEAUB</subfield>
      <subfield code="d">UKAHL</subfield>
      <subfield code="d">SFB</subfield>
      <subfield code="d">UX0</subfield>
    </datafield>
    <datafield tag="041" ind1=" " ind2="7">
      <subfield code="a">eng</subfield>
      <subfield code="2">iso639-3</subfield>
    </datafield>
    <datafield tag="043" ind1=" " ind2=" ">
      <subfield code="a">e-uk---</subfield>
    </datafield>
    <datafield tag="050" ind1=" " ind2="4">
      <subfield code="a">Q181</subfield>
      <subfield code="b">.K5117 2005eb</subfield>
    </datafield>
    <datafield tag="082" ind1="0" ind2="4">
      <subfield code="a">507/.1/241</subfield>
      <subfield code="2">22</subfield>
    </datafield>
    <datafield tag="099" ind1=" " ind2=" ">
      <subfield code="a">Electronic Resource</subfield>
    </datafield>
    <datafield tag="100" ind1="1" ind2=" ">
      <subfield code="a">Kind, Vanessa,</subfield>
      <subfield code="e">author.</subfield>
      <subfield code="0">http://id.loc.gov/authorities/names/n2004016878</subfield>
    </datafield>
    <datafield tag="245" ind1="1" ind2="0">
      <subfield code="a">Science :</subfield>
      <subfield code="b">teaching school subjects 11-19 /</subfield>
      <subfield code="c">Vanessa Kind and Keith Taber.</subfield>
    </datafield>
    <datafield tag="264" ind1=" " ind2="1">
      <subfield code="a">London ;</subfield>
      <subfield code="a">New York :</subfield>
      <subfield code="b">Routledge,</subfield>
      <subfield code="c">2005.</subfield>
    </datafield>
    <datafield tag="300" ind1=" " ind2=" ">
      <subfield code="a">1 online resource</subfield>
    </datafield>
    <datafield tag="336" ind1=" " ind2=" ">
      <subfield code="a">text</subfield>
      <subfield code="b">txt</subfield>
      <subfield code="2">rdacontent</subfield>
    </datafield>
    <datafield tag="337" ind1=" " ind2=" ">
      <subfield code="a">computer</subfield>
      <subfield code="b">c</subfield>
      <subfield code="2">rdamedia</subfield>
    </datafield>
    <datafield tag="338" ind1=" " ind2=" ">
      <subfield code="a">online resource</subfield>
      <subfield code="b">cr</subfield>
      <subfield code="2">rdacarrier</subfield>
    </datafield>
    <datafield tag="347" ind1=" " ind2=" ">
      <subfield code="a">data file</subfield>
      <subfield code="2">rda</subfield>
    </datafield>
    <datafield tag="490" ind1="1" ind2=" ">
      <subfield code="a">Teaching school subjects 11-19 series</subfield>
    </datafield>
    <datafield tag="504" ind1=" " ind2=" ">
      <subfield code="a">Includes bibliographical references (pages 261-270) and index.</subfield>
    </datafield>
    <datafield tag="520" ind1=" " ind2=" ">
      <subfield code="a">For newly qualified teachers and PGCE students of secondary science. The three sections of this book not only cover the training standards for NQTS but go beyond this with a focus on the subject expertise they bring into teaching.</subfield>
    </datafield>
    <datafield tag="546" ind1=" " ind2=" ">
      <subfield code="a">English.</subfield>
    </datafield>
    <datafield tag="588" ind1="0" ind2=" ">
      <subfield code="a">Print version record.</subfield>
    </datafield>
    <datafield tag="650" ind1=" " ind2="0">
      <subfield code="a">Science</subfield>
      <subfield code="x">Study and teaching (Secondary)</subfield>
      <subfield code="0">http://id.loc.gov/authorities/subjects/sh85118601</subfield>
    </datafield>
    <datafield tag="650" ind1=" " ind2="0">
      <subfield code="a">Science</subfield>
      <subfield code="x">Study and teaching (Secondary)</subfield>
      <subfield code="z">Great Britain.</subfield>
      <subfield code="0">http://id.loc.gov/authorities/subjects/sh2010112261</subfield>
    </datafield>
    <datafield tag="650" ind1=" " ind2="7">
      <subfield code="a">Science</subfield>
      <subfield code="x">Study and teaching (Secondary)</subfield>
      <subfield code="2">fast</subfield>
      <subfield code="0">(OCoLC)fst01108482</subfield>
    </datafield>
    <datafield tag="651" ind1=" " ind2="7">
      <subfield code="a">Great Britain.</subfield>
      <subfield code="2">fast</subfield>
      <subfield code="0">(OCoLC)fst01204623</subfield>
    </datafield>
    <datafield tag="700" ind1="1" ind2=" ">
      <subfield code="a">Taber, Keith,</subfield>
      <subfield code="e">author.</subfield>
      <subfield code="0">http://id.loc.gov/authorities/names/nb2002023245</subfield>
    </datafield>
    <datafield tag="776" ind1="0" ind2="8">
      <subfield code="i">Print version:</subfield>
      <subfield code="a">Kind, Vanessa.</subfield>
      <subfield code="t">Science.</subfield>
      <subfield code="d">London ; New York : Routledge, 2005</subfield>
      <subfield code="z">0415363586</subfield>
      <subfield code="z">041534283X</subfield>
      <subfield code="w">(DLC)  2004025854</subfield>
      <subfield code="w">(OCoLC)56880310</subfield>
    </datafield>
    <datafield tag="830" ind1=" " ind2="0">
      <subfield code="a">Teaching school subjects 11-19 series</subfield>
    </datafield>
    <datafield tag="950" ind1=" " ind2=" ">
      <subfield code="c">2023-12-19 07:09:39 US/Eastern</subfield>
      <subfield code="b">2021-07-13 07:50:13 US/Eastern</subfield>
      <subfield code="a">false</subfield>
    </datafield>
    <datafield tag="951" ind1=" " ind2=" ">
      <subfield code="v">2022-11-21 14:23:20 US/Eastern</subfield>
      <subfield code="g">Taylor &amp; Francis eBooks</subfield>
      <subfield code="u">System</subfield>
      <subfield code="r">POL-256937</subfield>
      <subfield code="r">POL-260980</subfield>
      <subfield code="t">2021-07-20 15:34:56 US/Eastern</subfield>
      <subfield code="x">https://na05.alma.exlibrisgroup.com/view/uresolver/01PRI_INST/openurl?u.ignore_date_coverage=true&amp;portfolio_pid=53845193570006421&amp;Force_direct=true</subfield>
      <subfield code="s">P2E_JOB</subfield>
      <subfield code="0">53845193570006421</subfield>
      <subfield code="w">2021-07-20 19:34:56</subfield>
      <subfield code="f">true</subfield>
      <subfield code="m">61753483850006421</subfield>
      <subfield code="n">Taylor &amp; Francis eBooks Complete</subfield>
      <subfield code="b">static</subfield>
      <subfield code="q">POL-202439</subfield>
      <subfield code="1">62952315900006421</subfield>
      <subfield code="c">d?u.ignore_date_coverage=true&amp;rft.mms_id=99123054713506421</subfield>
      <subfield code="a">Available</subfield>
      <subfield code="l">611000000000000660</subfield>
      <subfield code="e">BOOK</subfield>
      <subfield code="8">53845193570006421</subfield>
    </datafield>
  </record>