
  <record>
    <leader>01317cam a2200397 i 4500</leader>
    <controlfield tag="005">20240509072047.0</controlfield>
    <controlfield tag="008">190117t20192019enk           000 e eng d</controlfield>
    <controlfield tag="001">99117283613506421</controlfield>
    <datafield tag="015" ind1=" " ind2=" ">
      <subfield code="a">GBB9D5345</subfield>
      <subfield code="2">bnb</subfield>
    </datafield>
    <datafield tag="016" ind1="7" ind2=" ">
      <subfield code="a">019496156</subfield>
      <subfield code="2">Uk</subfield>
    </datafield>
    <datafield tag="020" ind1=" " ind2=" ">
      <subfield code="a">1784875686</subfield>
    </datafield>
    <datafield tag="020" ind1=" " ind2=" ">
      <subfield code="a">9781784875688</subfield>
    </datafield>
    <datafield tag="020" ind1=" " ind2=" ">
      <subfield code="z">9781473570894 (ePub ebook)</subfield>
    </datafield>
    <datafield tag="035" ind1=" " ind2=" ">
      <subfield code="a">(NjP)11728361-princetondb</subfield>
    </datafield>
    <datafield tag="035" ind1=" " ind2=" ">
      <subfield code="z">(NjP)Voyager11728361</subfield>
    </datafield>
    <datafield tag="035" ind1=" " ind2=" ">
      <subfield code="a">(OCoLC)on1081435180</subfield>
    </datafield>
    <datafield tag="040" ind1=" " ind2=" ">
      <subfield code="a">YDX</subfield>
      <subfield code="b">eng</subfield>
      <subfield code="e">rda</subfield>
      <subfield code="c">YDX</subfield>
      <subfield code="d">UKMGB</subfield>
      <subfield code="d">CDX</subfield>
    </datafield>
    <datafield tag="050" ind1=" " ind2="4">
      <subfield code="a">PR6063.C4</subfield>
      <subfield code="b">A6 2019</subfield>
    </datafield>
    <datafield tag="082" ind1="0" ind2="4">
      <subfield code="a">824/.914</subfield>
      <subfield code="2">23</subfield>
    </datafield>
    <datafield tag="100" ind1="1" ind2=" ">
      <subfield code="a">McEwan, Ian,</subfield>
      <subfield code="e">author.</subfield>
      <subfield code="0">http://id.loc.gov/authorities/names/n79008865</subfield>
    </datafield>
    <datafield tag="240" ind1="1" ind2="0">
      <subfield code="a">Essays.</subfield>
      <subfield code="k">Selections</subfield>
    </datafield>
    <datafield tag="245" ind1="1" ind2="0">
      <subfield code="a">Science /</subfield>
      <subfield code="c">Ian McEwan.</subfield>
    </datafield>
    <datafield tag="264" ind1=" " ind2="1">
      <subfield code="a">London :</subfield>
      <subfield code="b">Vintage,</subfield>
      <subfield code="c">2019.</subfield>
    </datafield>
    <datafield tag="264" ind1=" " ind2="4">
      <subfield code="c">©2019</subfield>
    </datafield>
    <datafield tag="300" ind1=" " ind2=" ">
      <subfield code="a">120 pages ;</subfield>
      <subfield code="c">18 cm.</subfield>
    </datafield>
    <datafield tag="336" ind1=" " ind2=" ">
      <subfield code="a">text</subfield>
      <subfield code="2">rdacontent</subfield>
    </datafield>
    <datafield tag="337" ind1=" " ind2=" ">
      <subfield code="a">unmediated</subfield>
      <subfield code="2">rdamedia</subfield>
    </datafield>
    <datafield tag="338" ind1=" " ind2=" ">
      <subfield code="a">volume</subfield>
      <subfield code="2">rdacarrier</subfield>
    </datafield>
    <datafield tag="490" ind1="1" ind2=" ">
      <subfield code="a">Vintage minis</subfield>
    </datafield>
    <datafield tag="650" ind1=" " ind2="0">
      <subfield code="a">Science.</subfield>
      <subfield code="0">http://id.loc.gov/authorities/subjects/sh85118553</subfield>
    </datafield>
    <datafield tag="655" ind1=" " ind2="7">
      <subfield code="a">Essays.</subfield>
      <subfield code="2">lcgft</subfield>
      <subfield code="0">http://id.loc.gov/authorities/genreForms/gf2014026094</subfield>
    </datafield>
    <datafield tag="830" ind1=" " ind2="0">
      <subfield code="a">Vintage minis</subfield>
    </datafield>
    <datafield tag="852" ind1="0" ind2=" ">
      <subfield code="b">f</subfield>
      <subfield code="h">PR6063.C4</subfield>
      <subfield code="i">A6 2019</subfield>
    </datafield>
    <datafield tag="902" ind1=" " ind2=" ">
      <subfield code="a">yj</subfield>
      <subfield code="b">s</subfield>
      <subfield code="6">a</subfield>
      <subfield code="7">m</subfield>
      <subfield code="d">v</subfield>
      <subfield code="f">1</subfield>
      <subfield code="e">20200114</subfield>
    </datafield>
    <datafield tag="904" ind1=" " ind2=" ">
      <subfield code="a">yj</subfield>
      <subfield code="b">a</subfield>
      <subfield code="h">m</subfield>
      <subfield code="c">b</subfield>
      <subfield code="e">20200114</subfield>
    </datafield>
    <datafield tag="914" ind1=" " ind2=" ">
      <subfield code="a">(OCoLC)on1081435180</subfield>
      <subfield code="b">OCoLC</subfield>
      <subfield code="c">match</subfield>
      <subfield code="d">20240508</subfield>
      <subfield code="e">processed</subfield>
      <subfield code="f">1081435180</subfield>
    </datafield>
    <datafield tag="950" ind1=" " ind2=" ">
      <subfield code="c">2024-05-09 07:20:47 US/Eastern</subfield>
      <subfield code="b">2021-07-12 21:40:38 US/Eastern</subfield>
      <subfield code="a">false</subfield>
    </datafield>
    <datafield tag="852" ind1="0" ind2=" ">
      <subfield code="b">firestone</subfield>
      <subfield code="c">stacks</subfield>
      <subfield code="h">PR6063.C4</subfield>
      <subfield code="i">A6 2019</subfield>
      <subfield code="8">22624731810006421</subfield>
    </datafield>
    <datafield tag="952" ind1=" " ind2=" ">
      <subfield code="a">2021-07-13 01:40:38</subfield>
      <subfield code="8">22624731810006421</subfield>
      <subfield code="b">Firestone Library</subfield>
      <subfield code="c">stacks: Firestone Library</subfield>
      <subfield code="e">false</subfield>
    </datafield>
    <datafield tag="876" ind1=" " ind2=" ">
      <subfield code="0">22624731810006421</subfield>
      <subfield code="a">23624731800006421</subfield>
      <subfield code="j">1</subfield>
      <subfield code="z">stacks</subfield>
      <subfield code="d">2019-12-04 19:00:00 US/Eastern</subfield>
      <subfield code="p">32101109732436</subfield>
      <subfield code="t">0</subfield>
      <subfield code="y">firestone</subfield>
    </datafield>
  </record>