
  <record>
    <leader>03802cas a2200505 i 4500</leader>
    <controlfield tag="005">20201014122559.0</controlfield>
    <controlfield tag="006">m     o  d        </controlfield>
    <controlfield tag="007">cr un ---uuuua</controlfield>
    <controlfield tag="008">870501d18651971nyumr p o     0    0eng d</controlfield>
    <controlfield tag="001">99114349313506421</controlfield>
    <datafield tag="035" ind1=" " ind2=" ">
      <subfield code="9">(GALE)AAHP118797</subfield>
    </datafield>
    <datafield tag="035" ind1=" " ind2=" ">
      <subfield code="a">(NjP)11434931-princetondb</subfield>
    </datafield>
    <datafield tag="035" ind1=" " ind2=" ">
      <subfield code="z">(NjP)Voyager11434931</subfield>
    </datafield>
    <datafield tag="040" ind1=" " ind2=" ">
      <subfield code="a">MWA</subfield>
      <subfield code="c">MWA</subfield>
      <subfield code="d">MWA</subfield>
      <subfield code="d">MiFhGG</subfield>
      <subfield code="e">rda</subfield>
    </datafield>
    <datafield tag="090" ind1=" " ind2=" ">
      <subfield code="a">Electronic Resource</subfield>
    </datafield>
    <datafield tag="099" ind1=" " ind2=" ">
      <subfield code="a">PR</subfield>
    </datafield>
    <datafield tag="245" ind1="0" ind2="4">
      <subfield code="a">The Catholic world.</subfield>
    </datafield>
    <datafield tag="264" ind1=" " ind2="1">
      <subfield code="a">New York, N.Y. :</subfield>
      <subfield code="b">Lawrence Kehoe,</subfield>
      <subfield code="c">1865-1971.</subfield>
    </datafield>
    <datafield tag="300" ind1=" " ind2=" ">
      <subfield code="a">1 online resource (volumes) :</subfield>
      <subfield code="b">illustrations, plates ;</subfield>
    </datafield>
    <datafield tag="310" ind1=" " ind2=" ">
      <subfield code="a">Monthly</subfield>
    </datafield>
    <datafield tag="336" ind1=" " ind2=" ">
      <subfield code="a">text</subfield>
      <subfield code="b">txt</subfield>
      <subfield code="2">rdacontent</subfield>
    </datafield>
    <datafield tag="337" ind1=" " ind2=" ">
      <subfield code="a">computer</subfield>
      <subfield code="b">c</subfield>
      <subfield code="2">rdamedia</subfield>
    </datafield>
    <datafield tag="338" ind1=" " ind2=" ">
      <subfield code="a">online resource</subfield>
      <subfield code="b">cr</subfield>
      <subfield code="2">rdacarrier</subfield>
    </datafield>
    <datafield tag="362" ind1="0" ind2=" ">
      <subfield code="a">Vol. 1, no. 1 (Apr. 1865)-v. 214, no. 1281 (Dec. 1971).</subfield>
    </datafield>
    <datafield tag="490" ind1="1" ind2=" ">
      <subfield code="a">American Historical Periodicals from the American Antiquarian Society</subfield>
    </datafield>
    <datafield tag="500" ind1=" " ind2=" ">
      <subfield code="a">Reproduction of the original from the American Antiquarian Society.</subfield>
    </datafield>
    <datafield tag="500" ind1=" " ind2=" ">
      <subfield code="a">The Catholic World: A Monthly Magazine of General Literature and Science was begun in April of 1865 as a general magazine for Catholics by Father Isaac T. Hecker, founder of the Community of Paulist Fathers and of the Catholic Publication Society. At first, it contained mostly selected articles from English and Italian periodicals with brief departments of science, art and books and few original articles. The contribution of original articles increased so greatly that the magazine soon became completely original and the word Eclectic was dropped from its title.</subfield>
    </datafield>
    <datafield tag="500" ind1=" " ind2=" ">
      <subfield code="a">(cont.) The editorial and literary aspects of the magazine were of high quality. Journalist J. R. G. Hassard was a member of the editorial staff, and Father A. F. Hewit was the most frequent contributor of the many Church dignitaries whose work regularly appeared in its pages. One of the magazine's continuous strengths was its high literary quality. Among the distinguished writers who regularly contributed were Agnes Repplier, Louise Imogen Guiney, Alice Meynell, Katharine Tynan, John Gilmary Shea, Aubrey DeVere, Rose H. Lathrop, Joyce Kilmer, Hilaire Belloc, G. K. Chesterton, Padraic Colum, and Theodore Maynard. Though it has been a popular rather than a theological magazine, Catholic World has dealt with educational, social, literary and artistic matters from a Catholic point of view and has supported Church doctrines. Cf. American periodicals, 1741-1900.</subfield>
    </datafield>
    <datafield tag="500" ind1=" " ind2=" ">
      <subfield code="a">Title from caption.</subfield>
    </datafield>
    <datafield tag="525" ind1=" " ind2=" ">
      <subfield code="a">Supplements accompany some numbers.</subfield>
    </datafield>
    <datafield tag="530" ind1=" " ind2=" ">
      <subfield code="a">Also available on microfilm from Xerox University Microfilms in its American periodical series.</subfield>
    </datafield>
    <datafield tag="550" ind1=" " ind2=" ">
      <subfield code="a">Imprint varies: 1865- , New York, N.Y. : Lawrence Kehoe; 1867-1888, Catholic Publishing Society; 1888- , Catholic World (Since 1901 under the direction of the Paulist Fathers).</subfield>
    </datafield>
    <datafield tag="500" ind1=" " ind2=" ">
      <subfield code="a">Editors: 1865-1888, I.T. Hecker; 1889-1897, A.F. Hewit.</subfield>
    </datafield>
    <datafield tag="610" ind1="2" ind2="0">
      <subfield code="a">Catholic Church</subfield>
      <subfield code="v">Periodicals.</subfield>
      <subfield code="0">http://id.loc.gov/authorities/subjects/sh85021157</subfield>
    </datafield>
    <datafield tag="655" ind1=" " ind2="7">
      <subfield code="a">Periodicals.</subfield>
      <subfield code="2">lcgft</subfield>
      <subfield code="0">http://id.loc.gov/authorities/genreForms/gf2014026139</subfield>
    </datafield>
    <datafield tag="700" ind1="1" ind2=" ">
      <subfield code="a">Hecker, Isaac Thomas,</subfield>
      <subfield code="d">1819-1888,</subfield>
      <subfield code="e">editor.</subfield>
      <subfield code="0">http://id.loc.gov/authorities/names/n82119309</subfield>
    </datafield>
    <datafield tag="700" ind1="1" ind2=" ">
      <subfield code="a">Hewit, A. F.</subfield>
      <subfield code="q">(Augustine Francis),</subfield>
      <subfield code="d">1820-1897,</subfield>
      <subfield code="e">editor.</subfield>
      <subfield code="0">http://id.loc.gov/authorities/names/no2001009491</subfield>
    </datafield>
    <datafield tag="710" ind1="2" ind2=" ">
      <subfield code="a">Paulist Fathers.</subfield>
      <subfield code="0">http://id.loc.gov/authorities/names/n83175701</subfield>
    </datafield>
    <datafield tag="752" ind1=" " ind2=" ">
      <subfield code="a">United States</subfield>
      <subfield code="b">New York</subfield>
      <subfield code="d">New York.</subfield>
    </datafield>
    <datafield tag="785" ind1="0" ind2="0">
      <subfield code="t">New Catholic world</subfield>
    </datafield>
    <datafield tag="830" ind1=" " ind2="0">
      <subfield code="a">American Historical Periodicals from the American Antiquarian Society.</subfield>
    </datafield>
    <datafield tag="910" ind1=" " ind2=" ">
      <subfield code="b">(CStRLIN)MAAR87S145</subfield>
    </datafield>
    <datafield tag="910" ind1=" " ind2=" ">
      <subfield code="9">mwa87-15888</subfield>
    </datafield>
    <datafield tag="910" ind1=" " ind2=" ">
      <subfield code="b">(MWA)18797</subfield>
    </datafield>
    <datafield tag="910" ind1=" " ind2=" ">
      <subfield code="b">(OCoLC)51101359</subfield>
    </datafield>
    <datafield tag="950" ind1=" " ind2=" ">
      <subfield code="c">2023-08-09 15:33:40 US/Eastern</subfield>
      <subfield code="b">2021-07-12 21:05:58 US/Eastern</subfield>
      <subfield code="a">false</subfield>
    </datafield>
    <datafield tag="951" ind1=" " ind2=" ">
      <subfield code="v">2022-12-07 13:17:55 US/Eastern</subfield>
      <subfield code="u">System</subfield>
      <subfield code="r">POL-255597</subfield>
      <subfield code="r">POL-247361</subfield>
      <subfield code="t">2021-07-20 17:43:55 US/Eastern</subfield>
      <subfield code="x">https://na05.alma.exlibrisgroup.com/view/uresolver/01PRI_INST/openurl?u.ignore_date_coverage=true&amp;portfolio_pid=53867869970006421&amp;Force_direct=true</subfield>
      <subfield code="s">P2E_JOB</subfield>
      <subfield code="0">53867869970006421</subfield>
      <subfield code="w">2021-07-20 21:43:55</subfield>
      <subfield code="f">false</subfield>
      <subfield code="m">61856832170006421</subfield>
      <subfield code="n">American historical periodicals from the American Antiquarian Society.</subfield>
      <subfield code="b">static</subfield>
      <subfield code="q">2167967-princetondb</subfield>
      <subfield code="1">62953611170006421</subfield>
      <subfield code="c">d?u.ignore_date_coverage=true&amp;rft.mms_id=99114349313506421</subfield>
      <subfield code="a">Available</subfield>
      <subfield code="e">JOURNAL</subfield>
      <subfield code="8">53867869970006421</subfield>
    </datafield>
  </record>