
  <record>
    <leader>02231cas a2200445 i 4500</leader>
    <controlfield tag="005">20200217113902.0</controlfield>
    <controlfield tag="006">m     o  |        </controlfield>
    <controlfield tag="007">cr |||||||||||</controlfield>
    <controlfield tag="008">090930c20099999vau|| w o    f0   a0eng c</controlfield>
    <controlfield tag="001">99101503733506421</controlfield>
    <datafield tag="010" ind1=" " ind2=" ">
      <subfield code="a">   2017230209</subfield>
    </datafield>
    <datafield tag="035" ind1=" " ind2=" ">
      <subfield code="a">ocn442001482</subfield>
    </datafield>
    <datafield tag="035" ind1=" " ind2=" ">
      <subfield code="a">(NjP)10150373-princetondb</subfield>
    </datafield>
    <datafield tag="035" ind1=" " ind2=" ">
      <subfield code="z">(NjP)Voyager10150373</subfield>
    </datafield>
    <datafield tag="035" ind1=" " ind2=" ">
      <subfield code="z">(NjP)Voyager10150373</subfield>
    </datafield>
    <datafield tag="040" ind1=" " ind2=" ">
      <subfield code="a">CU3</subfield>
      <subfield code="b">eng</subfield>
      <subfield code="e">rda</subfield>
      <subfield code="e">pn</subfield>
      <subfield code="c">CU3</subfield>
      <subfield code="d">OCLCA</subfield>
      <subfield code="d">ATMAZ</subfield>
      <subfield code="d">OCLCF</subfield>
      <subfield code="d">OCLCQ</subfield>
      <subfield code="d">GPO</subfield>
      <subfield code="d">MvI</subfield>
    </datafield>
    <datafield tag="042" ind1=" " ind2=" ">
      <subfield code="a">pcc</subfield>
    </datafield>
    <datafield tag="049" ind1=" " ind2=" ">
      <subfield code="a">DOCS</subfield>
    </datafield>
    <datafield tag="074" ind1=" " ind2=" ">
      <subfield code="a">0834-C-26 (online)</subfield>
    </datafield>
    <datafield tag="086" ind1="0" ind2=" ">
      <subfield code="a">NS 1.67:</subfield>
    </datafield>
    <datafield tag="090" ind1=" " ind2=" ">
      <subfield code="a">Electronic Resource</subfield>
    </datafield>
    <datafield tag="245" ind1="0" ind2="0">
      <subfield code="a">Science nation.</subfield>
    </datafield>
    <datafield tag="264" ind1=" " ind2="1">
      <subfield code="a">Arlington, Va. :</subfield>
      <subfield code="b">National Science Foundation,</subfield>
      <subfield code="c">2009-</subfield>
    </datafield>
    <datafield tag="300" ind1=" " ind2=" ">
      <subfield code="a">1 online resource</subfield>
    </datafield>
    <datafield tag="310" ind1=" " ind2=" ">
      <subfield code="a">Irregular</subfield>
    </datafield>
    <datafield tag="336" ind1=" " ind2=" ">
      <subfield code="a">text</subfield>
      <subfield code="b">txt</subfield>
      <subfield code="2">rdacontent</subfield>
    </datafield>
    <datafield tag="337" ind1=" " ind2=" ">
      <subfield code="a">computer</subfield>
      <subfield code="b">c</subfield>
      <subfield code="2">rdamedia</subfield>
    </datafield>
    <datafield tag="338" ind1=" " ind2=" ">
      <subfield code="a">online resource</subfield>
      <subfield code="b">cr</subfield>
      <subfield code="2">rdacarrier</subfield>
    </datafield>
    <datafield tag="362" ind1="1" ind2=" ">
      <subfield code="a">Began in 2009.</subfield>
    </datafield>
    <datafield tag="500" ind1=" " ind2=" ">
      <subfield code="a">"The online magazine that's all about science for the people."</subfield>
    </datafield>
    <datafield tag="520" ind1=" " ind2=" ">
      <subfield code="a">Website is done by the National Science Foundation and examines scientific breakthroughs and possibilities for new discoveries about our planet, our universe and ourselves. Each week the site includes a new report on a science research topic. Each of the topical science reports includes an online video, created for NSF by former senior science producers at CNN. Each video program features a two-minute and five-minute version. Website also includes links to NSF multimedia presentations on science topics.</subfield>
    </datafield>
    <datafield tag="588" ind1=" " ind2=" ">
      <subfield code="a">Description based on: June 1, 2009; title from caption (viewed Feb. 1, 2017).</subfield>
    </datafield>
    <datafield tag="588" ind1=" " ind2=" ">
      <subfield code="a">Latest issue consulted: January 30, 2017 (viewed Feb. 1, 2017).</subfield>
    </datafield>
    <datafield tag="650" ind1=" " ind2="0">
      <subfield code="a">Discoveries in science.</subfield>
      <subfield code="0">http://id.loc.gov/authorities/subjects/sh93003312</subfield>
    </datafield>
    <datafield tag="650" ind1=" " ind2="0">
      <subfield code="a">Science</subfield>
      <subfield code="x">Study and teaching.</subfield>
      <subfield code="0">http://id.loc.gov/authorities/subjects/sh85118587</subfield>
    </datafield>
    <datafield tag="650" ind1=" " ind2="0">
      <subfield code="a">Science</subfield>
      <subfield code="x">Computer network resources.</subfield>
    </datafield>
    <datafield tag="650" ind1=" " ind2="7">
      <subfield code="a">Discoveries in science.</subfield>
      <subfield code="2">fast</subfield>
      <subfield code="0">(OCoLC)fst00894959</subfield>
    </datafield>
    <datafield tag="650" ind1=" " ind2="7">
      <subfield code="a">Science</subfield>
      <subfield code="x">Computer network resources.</subfield>
      <subfield code="2">fast</subfield>
      <subfield code="0">(OCoLC)fst01108199</subfield>
    </datafield>
    <datafield tag="650" ind1=" " ind2="7">
      <subfield code="a">Science</subfield>
      <subfield code="x">Study and teaching.</subfield>
      <subfield code="2">fast</subfield>
      <subfield code="0">(OCoLC)fst01108387</subfield>
    </datafield>
    <datafield tag="710" ind1="2" ind2=" ">
      <subfield code="a">National Science Foundation (U.S.),</subfield>
      <subfield code="e">issuing body.</subfield>
      <subfield code="0">http://id.loc.gov/authorities/names/n79005681</subfield>
    </datafield>
    <datafield tag="945" ind1=" " ind2=" ">
      <subfield code="a">DOCS</subfield>
      <subfield code="c">NS 1.67:</subfield>
    </datafield>
    <datafield tag="950" ind1=" " ind2=" ">
      <subfield code="c">2024-11-25 04:59:00 US/Eastern</subfield>
      <subfield code="b">2021-07-12 23:39:05 US/Eastern</subfield>
      <subfield code="a">false</subfield>
    </datafield>
    <datafield tag="951" ind1=" " ind2=" ">
      <subfield code="v">2023-04-13 16:10:20 US/Eastern</subfield>
      <subfield code="u">System</subfield>
      <subfield code="t">2021-07-20 16:33:36 US/Eastern</subfield>
      <subfield code="x">https://na05.alma.exlibrisgroup.com/view/uresolver/01PRI_INST/openurl?u.ignore_date_coverage=true&amp;portfolio_pid=53855629780006421&amp;Force_direct=true</subfield>
      <subfield code="s">P2E_JOB</subfield>
      <subfield code="0">53855629780006421</subfield>
      <subfield code="w">2021-07-20 20:33:36</subfield>
      <subfield code="f">false</subfield>
      <subfield code="m">61952500880006421</subfield>
      <subfield code="n">Marcive GPO Government Documents</subfield>
      <subfield code="b">static</subfield>
      <subfield code="1">62952500870006421</subfield>
      <subfield code="c">d?u.ignore_date_coverage=true&amp;rft.mms_id=99101503733506421</subfield>
      <subfield code="a">Available</subfield>
      <subfield code="e">JOURNAL</subfield>
      <subfield code="8">53855629780006421</subfield>
    </datafield>
  </record>