
  <record>
    <leader>02227cam a2200469Ii 4500</leader>
    <controlfield tag="005">20231120123649.0</controlfield>
    <controlfield tag="006">m     o  d f      </controlfield>
    <controlfield tag="007">cr m||||||||||</controlfield>
    <controlfield tag="008">140805s1977    dcuabf  ob   f000 0 eng d</controlfield>
    <controlfield tag="001">99100274523506421</controlfield>
    <datafield tag="035" ind1=" " ind2=" ">
      <subfield code="a">ocn885281815</subfield>
    </datafield>
    <datafield tag="035" ind1=" " ind2=" ">
      <subfield code="a">(NjP)10027452-princetondb</subfield>
    </datafield>
    <datafield tag="035" ind1=" " ind2=" ">
      <subfield code="z">(NjP)Voyager10027452</subfield>
    </datafield>
    <datafield tag="040" ind1=" " ind2=" ">
      <subfield code="a">COP</subfield>
      <subfield code="b">eng</subfield>
      <subfield code="e">rda</subfield>
      <subfield code="e">pn</subfield>
      <subfield code="c">COP</subfield>
      <subfield code="d">OCLCO</subfield>
      <subfield code="d">OCLCF</subfield>
      <subfield code="d">GPO</subfield>
      <subfield code="d">MvI</subfield>
    </datafield>
    <datafield tag="043" ind1=" " ind2=" ">
      <subfield code="a">n-us-nc</subfield>
      <subfield code="a">n-us-tn</subfield>
    </datafield>
    <datafield tag="049" ind1=" " ind2=" ">
      <subfield code="a">DOCS</subfield>
    </datafield>
    <datafield tag="074" ind1=" " ind2=" ">
      <subfield code="a">0620 (online)</subfield>
    </datafield>
    <datafield tag="086" ind1="0" ind2=" ">
      <subfield code="a">I 19.3:1416</subfield>
    </datafield>
    <datafield tag="090" ind1=" " ind2=" ">
      <subfield code="a">Electronic Resource</subfield>
    </datafield>
    <datafield tag="100" ind1="1" ind2=" ">
      <subfield code="a">Lesure, Frank Gardner,</subfield>
      <subfield code="d">1927-</subfield>
      <subfield code="e">author.</subfield>
    </datafield>
    <datafield tag="245" ind1="1" ind2="0">
      <subfield code="a">Mineral resources of the Joyce Kilmer-Slickrock Wilderness, North Carolina-Tennessee /</subfield>
      <subfield code="c">by F. G. Lesure [and three others].</subfield>
    </datafield>
    <datafield tag="264" ind1=" " ind2="1">
      <subfield code="a">[Washington, D.C.] :</subfield>
      <subfield code="b">United States Department of the Interior, Geological Survey,</subfield>
      <subfield code="c">1977.</subfield>
    </datafield>
    <datafield tag="264" ind1=" " ind2="2">
      <subfield code="a">Washington :</subfield>
      <subfield code="b">United States Government Printing Office.</subfield>
    </datafield>
    <datafield tag="300" ind1=" " ind2=" ">
      <subfield code="a">1 online resource (vii, 89 pages, 3 pages of plates) :</subfield>
      <subfield code="b">illustrations, maps (some color).</subfield>
    </datafield>
    <datafield tag="336" ind1=" " ind2=" ">
      <subfield code="a">text</subfield>
      <subfield code="b">txt</subfield>
      <subfield code="2">rdacontent</subfield>
    </datafield>
    <datafield tag="337" ind1=" " ind2=" ">
      <subfield code="a">computer</subfield>
      <subfield code="b">c</subfield>
      <subfield code="2">rdamedia</subfield>
    </datafield>
    <datafield tag="338" ind1=" " ind2=" ">
      <subfield code="a">online resource</subfield>
      <subfield code="b">cr</subfield>
      <subfield code="2">rdacarrier</subfield>
    </datafield>
    <datafield tag="490" ind1="1" ind2=" ">
      <subfield code="a">Geological Survey Bulletin ;</subfield>
      <subfield code="v">1416</subfield>
    </datafield>
    <datafield tag="490" ind1="1" ind2=" ">
      <subfield code="a">Studies related to wilderness--wilderness areas areas</subfield>
    </datafield>
    <datafield tag="500" ind1=" " ind2=" ">
      <subfield code="a">"An evaluation of the mineral potential of area."</subfield>
    </datafield>
    <datafield tag="504" ind1=" " ind2=" ">
      <subfield code="a">Includes bibliographical references (pages 40-41).</subfield>
    </datafield>
    <datafield tag="588" ind1=" " ind2=" ">
      <subfield code="a">Description based on online resource; title from PDF title page (USGS, viewed August 1, 2014).</subfield>
    </datafield>
    <datafield tag="650" ind1=" " ind2="0">
      <subfield code="a">Geology</subfield>
      <subfield code="z">Joyce Kilmer-Slickrock Wilderness (N.C. and Tenn.).</subfield>
    </datafield>
    <datafield tag="650" ind1=" " ind2="0">
      <subfield code="a">Mines and mineral resources</subfield>
      <subfield code="z">Joyce Kilmer-Slickrock Wilderness (N.C. and Tenn.).</subfield>
    </datafield>
    <datafield tag="650" ind1=" " ind2="7">
      <subfield code="a">Mines and mineral resources.</subfield>
      <subfield code="2">fast</subfield>
      <subfield code="0">(OCoLC)fst01022541</subfield>
    </datafield>
    <datafield tag="651" ind1=" " ind2="7">
      <subfield code="a">United States</subfield>
      <subfield code="z">Joyce Kilmer-Slickrock Wilderness.</subfield>
      <subfield code="2">fast</subfield>
      <subfield code="0">(OCoLC)fst01310683</subfield>
    </datafield>
    <datafield tag="710" ind1="2" ind2=" ">
      <subfield code="a">Geological Survey (U.S.),</subfield>
      <subfield code="e">issuing body.</subfield>
    </datafield>
    <datafield tag="776" ind1="0" ind2="8">
      <subfield code="i">Print version:</subfield>
      <subfield code="t">Mineral resources of the Joyce Kilmer-Slickrock Wilderness, North Carolina-Tennessee</subfield>
      <subfield code="w">(DLC) 77608010</subfield>
      <subfield code="w">(OCoLC)2796303</subfield>
    </datafield>
    <datafield tag="830" ind1=" " ind2="0">
      <subfield code="a">Geological Survey bulletin ;</subfield>
      <subfield code="v">1416.</subfield>
    </datafield>
    <datafield tag="830" ind1=" " ind2="0">
      <subfield code="a">Studies related to wilderness--wilderness areas</subfield>
    </datafield>
    <datafield tag="945" ind1=" " ind2=" ">
      <subfield code="a">DOCS</subfield>
      <subfield code="c">I 19.3:1416</subfield>
    </datafield>
    <datafield tag="956" ind1="4" ind2="0">
      <subfield code="u">https://purl.fdlp.gov/GPO/gpo74676</subfield>
    </datafield>
    <datafield tag="950" ind1=" " ind2=" ">
      <subfield code="c">2024-05-09 10:03:41 US/Eastern</subfield>
      <subfield code="b">2021-07-12 19:42:42 US/Eastern</subfield>
      <subfield code="a">false</subfield>
    </datafield>
    <datafield tag="951" ind1=" " ind2=" ">
      <subfield code="v">2023-04-04 16:03:22 US/Eastern</subfield>
      <subfield code="u">System</subfield>
      <subfield code="t">2021-07-20 13:39:41 US/Eastern</subfield>
      <subfield code="x">https://na05.alma.exlibrisgroup.com/view/uresolver/01PRI_INST/openurl?u.ignore_date_coverage=true&amp;portfolio_pid=53825219820006421&amp;Force_direct=true</subfield>
      <subfield code="s">P2E_JOB</subfield>
      <subfield code="0">53825219820006421</subfield>
      <subfield code="w">2021-07-20 17:39:41</subfield>
      <subfield code="f">false</subfield>
      <subfield code="m">61952500880006421</subfield>
      <subfield code="n">Marcive GPO Government Documents</subfield>
      <subfield code="b">static</subfield>
      <subfield code="1">62952500870006421</subfield>
      <subfield code="c">d?u.ignore_date_coverage=true&amp;rft.mms_id=99100274523506421</subfield>
      <subfield code="a">Available</subfield>
      <subfield code="e">BOOK</subfield>
      <subfield code="8">53825219820006421</subfield>
    </datafield>
  </record>