
  <record>
    <leader>02690cam a2200445Ii 4500</leader>
    <controlfield tag="005">20240718065830.0</controlfield>
    <controlfield tag="008">160922s2016    enkabc   e    001 0 eng  </controlfield>
    <controlfield tag="001">9999612673506421</controlfield>
    <datafield tag="020" ind1=" " ind2=" ">
      <subfield code="a">9780241240472</subfield>
    </datafield>
    <datafield tag="020" ind1=" " ind2=" ">
      <subfield code="a">0241240476</subfield>
    </datafield>
    <datafield tag="020" ind1=" " ind2=" ">
      <subfield code="a">9781465454201</subfield>
    </datafield>
    <datafield tag="020" ind1=" " ind2=" ">
      <subfield code="a">1465454209</subfield>
    </datafield>
    <datafield tag="035" ind1=" " ind2=" ">
      <subfield code="a">(CaONFJC)59434715</subfield>
    </datafield>
    <datafield tag="035" ind1=" " ind2=" ">
      <subfield code="a">(NjP)9961267-princetondb</subfield>
    </datafield>
    <datafield tag="035" ind1=" " ind2=" ">
      <subfield code="z">(NjP)Voyager9961267</subfield>
    </datafield>
    <datafield tag="035" ind1=" " ind2=" ">
      <subfield code="a">(OCoLC)on1340666204</subfield>
    </datafield>
    <datafield tag="040" ind1=" " ind2=" ">
      <subfield code="a">AU@</subfield>
      <subfield code="b">eng</subfield>
      <subfield code="c">AU@</subfield>
      <subfield code="e">rda</subfield>
      <subfield code="d">OCLCO</subfield>
      <subfield code="d">ORX</subfield>
      <subfield code="d">OCLCO</subfield>
      <subfield code="d">VP@</subfield>
    </datafield>
    <datafield tag="050" ind1=" " ind2="4">
      <subfield code="a">Q162</subfield>
      <subfield code="b">.D53 2016</subfield>
    </datafield>
    <datafield tag="245" ind1="0" ind2="0">
      <subfield code="a">Science :</subfield>
      <subfield code="b">the definitive visual guide /</subfield>
      <subfield code="c">editor-in-chief, Adam Hart-Davis.</subfield>
    </datafield>
    <datafield tag="246" ind1="3" ind2=" ">
      <subfield code="a">DK Science :</subfield>
      <subfield code="b">the definitive visual guide.</subfield>
    </datafield>
    <datafield tag="250" ind1=" " ind2=" ">
      <subfield code="a">Revised and 2nd edition, updated.</subfield>
    </datafield>
    <datafield tag="264" ind1=" " ind2="1">
      <subfield code="a">London :</subfield>
      <subfield code="b">Dorling Kindersley Limited,</subfield>
      <subfield code="c">2016.</subfield>
    </datafield>
    <datafield tag="264" ind1=" " ind2="4">
      <subfield code="c">©2016.</subfield>
    </datafield>
    <datafield tag="300" ind1=" " ind2=" ">
      <subfield code="a">512 pages :</subfield>
      <subfield code="b">illustrations (chiefly colour), maps, portraits ;</subfield>
      <subfield code="c">31 cm.</subfield>
    </datafield>
    <datafield tag="336" ind1=" " ind2=" ">
      <subfield code="a">text</subfield>
      <subfield code="b">txt</subfield>
      <subfield code="2">rdacontent</subfield>
    </datafield>
    <datafield tag="336" ind1=" " ind2=" ">
      <subfield code="a">still image</subfield>
      <subfield code="b">sti</subfield>
      <subfield code="2">rdacontent</subfield>
    </datafield>
    <datafield tag="336" ind1=" " ind2=" ">
      <subfield code="a">cartographic image</subfield>
      <subfield code="b">cri</subfield>
      <subfield code="2">rdacontent</subfield>
    </datafield>
    <datafield tag="337" ind1=" " ind2=" ">
      <subfield code="a">unmediated</subfield>
      <subfield code="b">n</subfield>
      <subfield code="2">rdamedia</subfield>
    </datafield>
    <datafield tag="338" ind1=" " ind2=" ">
      <subfield code="a">volume</subfield>
      <subfield code="b">nc</subfield>
      <subfield code="2">rdacarrier</subfield>
    </datafield>
    <datafield tag="500" ind1=" " ind2=" ">
      <subfield code="a">Includes index.</subfield>
    </datafield>
    <datafield tag="500" ind1=" " ind2=" ">
      <subfield code="a">Originally published: 2009.</subfield>
    </datafield>
    <datafield tag="520" ind1=" " ind2=" ">
      <subfield code="a">"Delve into the history of science and the discoveries that changed the world with Science. This brand new edition is fully up-to-date, and covers everything from ancient Greek geometry to quantum physics, IVF, and global warming. Using lavish illustrations and key scientific moments, Science takes you on a journey through the history of science, picking out every event, invention, experiment, theory, and individual that you need to know. From the dawn of science to the information age, Science biographies major players in the history of science, including Galileo Galilei, Michael Faraday, Marie Curie, and Alan Turing. Follow the story of science into the future and understand the significance of of every discovery and it's place in scientific thought. Perfect for anyone looking to embark on a journey of discovery and suitable for the whole family, Science is the definitive guide to our remarkable history of information." --Publisher's website.</subfield>
    </datafield>
    <datafield tag="650" ind1=" " ind2="0">
      <subfield code="a">Science</subfield>
      <subfield code="v">Popular works.</subfield>
      <subfield code="0">http://id.loc.gov/authorities/subjects/sh2008111308</subfield>
    </datafield>
    <datafield tag="650" ind1=" " ind2="0">
      <subfield code="a">Science</subfield>
      <subfield code="v">Encyclopedias.</subfield>
      <subfield code="0">http://id.loc.gov/authorities/subjects/sh2008111305</subfield>
    </datafield>
    <datafield tag="655" ind1=" " ind2="7">
      <subfield code="a">Encyclopedias.</subfield>
      <subfield code="2">lcgft</subfield>
      <subfield code="0">http://id.loc.gov/authorities/genreForms/gf2014026092</subfield>
    </datafield>
    <datafield tag="700" ind1="1" ind2=" ">
      <subfield code="a">Hart-Davis, Adam,</subfield>
      <subfield code="e">editor.</subfield>
      <subfield code="0">http://id.loc.gov/authorities/names/n88099693</subfield>
    </datafield>
    <datafield tag="902" ind1=" " ind2=" ">
      <subfield code="a">lt</subfield>
      <subfield code="b">m</subfield>
      <subfield code="6">a</subfield>
      <subfield code="7">m</subfield>
      <subfield code="d">v</subfield>
      <subfield code="f">1</subfield>
      <subfield code="e">20161116</subfield>
    </datafield>
    <datafield tag="904" ind1=" " ind2=" ">
      <subfield code="a">vendor</subfield>
      <subfield code="b">o</subfield>
      <subfield code="h">m</subfield>
      <subfield code="c">b</subfield>
      <subfield code="e">20161003</subfield>
    </datafield>
    <datafield tag="914" ind1=" " ind2=" ">
      <subfield code="a">(OCoLC)on1340666204</subfield>
      <subfield code="b">OCoLC</subfield>
      <subfield code="c">match</subfield>
      <subfield code="d">20240710</subfield>
      <subfield code="e">processed</subfield>
      <subfield code="f">1340666204</subfield>
    </datafield>
    <datafield tag="999" ind1=" " ind2=" ">
      <subfield code="a">9961267</subfield>
    </datafield>
    <datafield tag="950" ind1=" " ind2=" ">
      <subfield code="c">2024-07-18 06:58:30 US/Eastern</subfield>
      <subfield code="b">2021-07-13 08:55:13 US/Eastern</subfield>
      <subfield code="a">false</subfield>
    </datafield>
    <datafield tag="852" ind1="0" ind2=" ">
      <subfield code="b">firestone</subfield>
      <subfield code="c">stacks</subfield>
      <subfield code="h">Q162</subfield>
      <subfield code="i">.D53 2016q</subfield>
      <subfield code="k">Oversize</subfield>
      <subfield code="8">22745853600006421</subfield>
    </datafield>
    <datafield tag="952" ind1=" " ind2=" ">
      <subfield code="a">2021-07-13 12:55:13</subfield>
      <subfield code="8">22745853600006421</subfield>
      <subfield code="b">Firestone Library</subfield>
      <subfield code="c">stacks: Firestone Library</subfield>
      <subfield code="e">false</subfield>
    </datafield>
    <datafield tag="876" ind1=" " ind2=" ">
      <subfield code="0">22745853600006421</subfield>
      <subfield code="a">23745853590006421</subfield>
      <subfield code="j">1</subfield>
      <subfield code="z">stacks</subfield>
      <subfield code="d">2016-11-06 19:00:00 US/Eastern</subfield>
      <subfield code="p">32101099172015</subfield>
      <subfield code="t">0</subfield>
      <subfield code="y">firestone</subfield>
    </datafield>
  </record>