
  <record>
    <leader>03880nam a22005653a 4500</leader>
    <controlfield tag="005">20231120145959.0</controlfield>
    <controlfield tag="006">m     o  d |      </controlfield>
    <controlfield tag="007">cr |n|||||||||</controlfield>
    <controlfield tag="008">220309s2002    gauaf   ob   s001 0aeng d</controlfield>
    <controlfield tag="001">9992637283506421</controlfield>
    <datafield tag="019" ind1=" " ind2=" ">
      <subfield code="a">764546113</subfield>
      <subfield code="a">872095665</subfield>
    </datafield>
    <datafield tag="020" ind1=" " ind2=" ">
      <subfield code="a">9780820337876 (electronic bk.)</subfield>
    </datafield>
    <datafield tag="020" ind1=" " ind2=" ">
      <subfield code="a">0820337870 (electronic bk.)</subfield>
    </datafield>
    <datafield tag="020" ind1=" " ind2=" ">
      <subfield code="z">0820323454</subfield>
    </datafield>
    <datafield tag="020" ind1=" " ind2=" ">
      <subfield code="z">9780820323459</subfield>
    </datafield>
    <datafield tag="020" ind1=" " ind2=" ">
      <subfield code="z">9780820329413</subfield>
    </datafield>
    <datafield tag="020" ind1=" " ind2=" ">
      <subfield code="z">082032941X</subfield>
    </datafield>
    <datafield tag="035" ind1=" " ind2=" ">
      <subfield code="a">(NhCcYBP)ebd1570483573</subfield>
    </datafield>
    <datafield tag="035" ind1=" " ind2=" ">
      <subfield code="z">(NjP)Voyager9263728</subfield>
    </datafield>
    <datafield tag="037" ind1=" " ind2=" ">
      <subfield code="a">22573/ctt3q43th</subfield>
      <subfield code="b">JSTOR</subfield>
    </datafield>
    <datafield tag="040" ind1=" " ind2=" ">
      <subfield code="a">NhCcYBP</subfield>
      <subfield code="c">NhCcYBP</subfield>
    </datafield>
    <datafield tag="043" ind1=" " ind2=" ">
      <subfield code="a">n-usu--</subfield>
    </datafield>
    <datafield tag="050" ind1=" " ind2="4">
      <subfield code="a">SD537.52.G46</subfield>
      <subfield code="b">A3 2002</subfield>
    </datafield>
    <datafield tag="070" ind1="0" ind2=" ">
      <subfield code="a">SD537.52.G46</subfield>
      <subfield code="b">A3 2002</subfield>
    </datafield>
    <datafield tag="082" ind1="0" ind2="4">
      <subfield code="a">634.9/8/092</subfield>
      <subfield code="a">B</subfield>
      <subfield code="2">21</subfield>
    </datafield>
    <datafield tag="090" ind1=" " ind2=" ">
      <subfield code="a">Electronic Resource</subfield>
    </datafield>
    <datafield tag="099" ind1=" " ind2=" ">
      <subfield code="a">Electronic Resource</subfield>
    </datafield>
    <datafield tag="100" ind1="1" ind2=" ">
      <subfield code="a">Gennett, Andrew.</subfield>
    </datafield>
    <datafield tag="245" ind1="1" ind2="0">
      <subfield code="a">Sound wormy :</subfield>
      <subfield code="b">memoir of Andrew Gennett, Lumberman /</subfield>
      <subfield code="c">edited by Nicole Hayler ; with a foreword &amp; afterword by John Alger.</subfield>
    </datafield>
    <datafield tag="260" ind1=" " ind2=" ">
      <subfield code="a">Athens :</subfield>
      <subfield code="b">University of Georgia Press,</subfield>
      <subfield code="c">©2002.</subfield>
    </datafield>
    <datafield tag="300" ind1=" " ind2=" ">
      <subfield code="a">1 online resource (xix, 218 pages, 16 unnumbered pages of plates) :</subfield>
      <subfield code="b">illustrations.</subfield>
    </datafield>
    <datafield tag="336" ind1=" " ind2=" ">
      <subfield code="a">text</subfield>
      <subfield code="b">txt</subfield>
      <subfield code="2">rdacontent</subfield>
    </datafield>
    <datafield tag="337" ind1=" " ind2=" ">
      <subfield code="a">computer</subfield>
      <subfield code="b">c</subfield>
      <subfield code="2">rdamedia</subfield>
    </datafield>
    <datafield tag="338" ind1=" " ind2=" ">
      <subfield code="a">online resource</subfield>
      <subfield code="b">cr</subfield>
      <subfield code="2">rdacarrier</subfield>
    </datafield>
    <datafield tag="520" ind1="8" ind2=" ">
      <subfield code="a">Annotation Set in what remains some of the wildest country in the United States, Sound Wormyrecalls a time when regulations were few and resources were abundant for the southern lumber industry. In 1901 Andrew Gennett put all of his money into a tract of timber along the Chattooga River watershed, which traverses parts of Georgia, South Carolina, and North Carolina. By the time he wrote his memoir almost forty years later, Gennett had outwitted and outworked countless competitors in the southern mountains to make his mark as one of the region's most seasoned, innovative, and successful lumbermen. His recollections of a rough-and-ready outdoors life are filled with details of logging, from the first "cruise" of a timber stand to the moment when the last board lies "on sticks" in the mill yard. He tells how massive poplars, oaks, and other hardwoods had to be felled and trimmed by hand, dragged down mountain slopes by draft animals, floated downstream or carried by rail to the mill, and then sawn, graded, and stacked for drying. He tells of buying timber rights in a land market filled with "sharp" operators, where titles and surveys were often contested and kinship and custom were on an equal footing with the law. Gennett saw more than potential "boardfeet" when he looked at a tree. He recalls, for instance, his efforts to convince the U.S. Forest Service to purchase undisturbed areas of wilderness at a time when its mandate was to condemn and buy up farmed-out and clear-cut land. One such sale initiated by Gennett would become the Joyce Kilmer Wilderness in North Carolina. Filled with logging lore and portraits of the southern mountains and their people, Sound Wormyadds an absorbing new chapter to the region's natural and environmental history.</subfield>
    </datafield>
    <datafield tag="504" ind1=" " ind2=" ">
      <subfield code="a">Includes bibliographical references (pages 203-212) and index.</subfield>
    </datafield>
    <datafield tag="533" ind1=" " ind2=" ">
      <subfield code="a">Electronic reproduction.</subfield>
      <subfield code="b">New York</subfield>
      <subfield code="n">Available via World Wide Web.</subfield>
    </datafield>
    <datafield tag="588" ind1=" " ind2=" ">
      <subfield code="a">Description based on print version record.</subfield>
    </datafield>
    <datafield tag="651" ind1=" " ind2="7">
      <subfield code="a">Southern States.</subfield>
      <subfield code="2">fast</subfield>
      <subfield code="0">(OCoLC)fst01244550</subfield>
    </datafield>
    <datafield tag="655" ind1=" " ind2="7">
      <subfield code="a">Biographies.</subfield>
      <subfield code="2">fast</subfield>
      <subfield code="0">(OCoLC)fst01423686</subfield>
    </datafield>
    <datafield tag="655" ind1=" " ind2="7">
      <subfield code="a">History.</subfield>
      <subfield code="2">fast</subfield>
      <subfield code="0">(OCoLC)fst01411628</subfield>
    </datafield>
    <datafield tag="600" ind1="1" ind2="0">
      <subfield code="a">Gennett, Andrew.</subfield>
    </datafield>
    <datafield tag="650" ind1=" " ind2="0">
      <subfield code="a">Lumbermen</subfield>
      <subfield code="z">Southern States</subfield>
      <subfield code="v">Biography.</subfield>
    </datafield>
    <datafield tag="650" ind1=" " ind2="0">
      <subfield code="a">Lumber trade</subfield>
      <subfield code="z">Southern States</subfield>
      <subfield code="x">History.</subfield>
    </datafield>
    <datafield tag="700" ind1="1" ind2=" ">
      <subfield code="a">Hayler, Nicole.</subfield>
    </datafield>
    <datafield tag="776" ind1="0" ind2="8">
      <subfield code="c">Original</subfield>
      <subfield code="z">0820323454</subfield>
      <subfield code="z">9780820323459</subfield>
      <subfield code="z">9780820329413</subfield>
      <subfield code="z">082032941X</subfield>
      <subfield code="w">(DLC)  2001041332</subfield>
    </datafield>
    <datafield tag="910" ind1=" " ind2=" ">
      <subfield code="a">JSTOR DDA</subfield>
    </datafield>
    <datafield tag="956" ind1="4" ind2="0">
      <subfield code="u">https://www.jstor.org/stable/10.2307/j.ctt46njp8</subfield>
    </datafield>
    <datafield tag="956" ind1="4" ind2="0">
      <subfield code="u">http://www.jstor.org/stable/10.2307/j.ctt46njp8</subfield>
    </datafield>
    <datafield tag="980" ind1=" " ind2=" ">
      <subfield code="a">3500788</subfield>
    </datafield>
    <datafield tag="950" ind1=" " ind2=" ">
      <subfield code="c">2023-11-21 14:33:55 US/Eastern</subfield>
      <subfield code="b">2021-07-12 15:00:21 US/Eastern</subfield>
      <subfield code="a">false</subfield>
    </datafield>
    <datafield tag="951" ind1=" " ind2=" ">
      <subfield code="v">2022-03-21 18:03:25 US/Eastern</subfield>
      <subfield code="u">System</subfield>
      <subfield code="t">2022-03-21 18:03:23 US/Eastern</subfield>
      <subfield code="x">https://na05.alma.exlibrisgroup.com/view/uresolver/01PRI_INST/openurl?u.ignore_date_coverage=true&amp;portfolio_pid=53921744630006421&amp;Force_direct=true</subfield>
      <subfield code="s">System</subfield>
      <subfield code="0">53921744630006421</subfield>
      <subfield code="w">2022-03-21 22:03:23</subfield>
      <subfield code="f">true</subfield>
      <subfield code="m">61918757510006421</subfield>
      <subfield code="n"> JSTOR DDA</subfield>
      <subfield code="b">static</subfield>
      <subfield code="1">62918757500006421</subfield>
      <subfield code="c">d?u.ignore_date_coverage=true&amp;rft.mms_id=9992637283506421</subfield>
      <subfield code="a">Available</subfield>
      <subfield code="e">BOOK</subfield>
      <subfield code="8">53921744630006421</subfield>
    </datafield>
  </record>