
  <record>
    <leader>01668cam a2200337 i 4500</leader>
    <controlfield tag="005">20201006101720.0</controlfield>
    <controlfield tag="006">m     o  d        </controlfield>
    <controlfield tag="007">cr mn |||||a|a</controlfield>
    <controlfield tag="008">780814s1860    pauae   ob    000 0 eng  </controlfield>
    <controlfield tag="001">9990129823506421</controlfield>
    <datafield tag="035" ind1=" " ind2=" ">
      <subfield code="a">(OCoLC)613148873</subfield>
    </datafield>
    <datafield tag="035" ind1=" " ind2=" ">
      <subfield code="a">(MiFhGG)NCCO3007987</subfield>
    </datafield>
    <datafield tag="035" ind1=" " ind2=" ">
      <subfield code="a">(NjP)9012982-princetondb</subfield>
    </datafield>
    <datafield tag="035" ind1=" " ind2=" ">
      <subfield code="z">(NjP)Voyager9012982</subfield>
    </datafield>
    <datafield tag="040" ind1=" " ind2=" ">
      <subfield code="a">MIGCL</subfield>
      <subfield code="b">eng</subfield>
      <subfield code="c">UtOrBLW</subfield>
      <subfield code="e">rda</subfield>
    </datafield>
    <datafield tag="050" ind1=" " ind2="4">
      <subfield code="a">BS650</subfield>
    </datafield>
    <datafield tag="090" ind1=" " ind2=" ">
      <subfield code="a">Electronic Resource</subfield>
    </datafield>
    <datafield tag="100" ind1="1" ind2=" ">
      <subfield code="a">Pendleton, William Nelson,</subfield>
      <subfield code="d">1809-1883</subfield>
      <subfield code="e">author.</subfield>
      <subfield code="0">http://id.loc.gov/authorities/names/n2007163406</subfield>
    </datafield>
    <datafield tag="245" ind1="1" ind2="0">
      <subfield code="a">Science :</subfield>
      <subfield code="b">a witness for the Bible /</subfield>
      <subfield code="c">by Rev. W.N. Pendleton, D.D.</subfield>
    </datafield>
    <datafield tag="264" ind1=" " ind2="1">
      <subfield code="a">Philadelphia :</subfield>
      <subfield code="b">J.B. Lippincott &amp; Company,</subfield>
      <subfield code="c">1860.</subfield>
    </datafield>
    <datafield tag="300" ind1=" " ind2=" ">
      <subfield code="a">1 online resource (350 pages) :</subfield>
      <subfield code="b">illustrations, plan.</subfield>
    </datafield>
    <datafield tag="336" ind1=" " ind2=" ">
      <subfield code="a">text</subfield>
      <subfield code="b">txt</subfield>
      <subfield code="2">rdacontent</subfield>
    </datafield>
    <datafield tag="337" ind1=" " ind2=" ">
      <subfield code="a">computer</subfield>
      <subfield code="b">c</subfield>
      <subfield code="2">rdamedia</subfield>
    </datafield>
    <datafield tag="338" ind1=" " ind2=" ">
      <subfield code="a">online resource</subfield>
      <subfield code="b">cr</subfield>
      <subfield code="2">rdacarrier</subfield>
    </datafield>
    <datafield tag="490" ind1="1" ind2=" ">
      <subfield code="a">Nineteenth Century Collections Online: Religion, Society, Spirituality, and Reform</subfield>
    </datafield>
    <datafield tag="500" ind1=" " ind2=" ">
      <subfield code="a">Reproduction of the original from the Lost Cause Press.</subfield>
    </datafield>
    <datafield tag="504" ind1=" " ind2=" ">
      <subfield code="a">Includes bibliographical references.</subfield>
    </datafield>
    <datafield tag="590" ind1=" " ind2=" ">
      <subfield code="a">Scanned copy imperfect: weak or faded print.</subfield>
    </datafield>
    <datafield tag="650" ind1=" " ind2="0">
      <subfield code="a">Bible and science.</subfield>
      <subfield code="0">http://id.loc.gov/authorities/subjects/sh85013804</subfield>
    </datafield>
    <datafield tag="650" ind1=" " ind2="0">
      <subfield code="a">Religion and science.</subfield>
      <subfield code="0">http://id.loc.gov/authorities/subjects/sh85112579</subfield>
    </datafield>
    <datafield tag="830" ind1=" " ind2="0">
      <subfield code="a">Nineteenth Century Collections Online: Religion, Society, Spirituality, and Reform.</subfield>
    </datafield>
    <datafield tag="950" ind1=" " ind2=" ">
      <subfield code="c">2024-05-23 05:40:28 US/Eastern</subfield>
      <subfield code="b">2021-07-12 13:07:33 US/Eastern</subfield>
      <subfield code="a">false</subfield>
    </datafield>
    <datafield tag="951" ind1=" " ind2=" ">
      <subfield code="v">2023-08-29 15:33:42 US/Eastern</subfield>
      <subfield code="u">System</subfield>
      <subfield code="t">2021-07-20 15:28:06 US/Eastern</subfield>
      <subfield code="x">https://na05.alma.exlibrisgroup.com/view/uresolver/01PRI_INST/openurl?u.ignore_date_coverage=true&amp;portfolio_pid=53843966230006421&amp;Force_direct=true</subfield>
      <subfield code="s">P2E_JOB</subfield>
      <subfield code="0">53843966230006421</subfield>
      <subfield code="w">2021-07-20 19:28:06</subfield>
      <subfield code="f">false</subfield>
      <subfield code="m">61826562000006421</subfield>
      <subfield code="n">Nineteenth Century Collections Online (NCCO) : Religion, Spirituality, Reform, and Society</subfield>
      <subfield code="b">static</subfield>
      <subfield code="q">1810916-princetondb</subfield>
      <subfield code="1">62991445770006421</subfield>
      <subfield code="c">d?u.ignore_date_coverage=true&amp;rft.mms_id=9990129823506421</subfield>
      <subfield code="a">Available</subfield>
      <subfield code="e">BOOK</subfield>
      <subfield code="8">53843966230006421</subfield>
    </datafield>
  </record>