
  <record>
    <leader>01486cam a2200301 a 4500</leader>
    <controlfield tag="005">20240502054432.0</controlfield>
    <controlfield tag="008">111106s2012    si a     b    101 0 eng d</controlfield>
    <controlfield tag="001">9970744363506421</controlfield>
    <datafield tag="020" ind1=" " ind2=" ">
      <subfield code="a">9789814383288</subfield>
    </datafield>
    <datafield tag="020" ind1=" " ind2=" ">
      <subfield code="a">9814383287</subfield>
    </datafield>
    <datafield tag="035" ind1=" " ind2=" ">
      <subfield code="a">(NjP)7074436-princetondb</subfield>
    </datafield>
    <datafield tag="035" ind1=" " ind2=" ">
      <subfield code="z">(NjP)Voyager7074436</subfield>
    </datafield>
    <datafield tag="035" ind1=" " ind2=" ">
      <subfield code="a">(OCoLC)ocn759916435</subfield>
    </datafield>
    <datafield tag="040" ind1=" " ind2=" ">
      <subfield code="a">BTCTA</subfield>
      <subfield code="b">eng</subfield>
      <subfield code="c">BTCTA</subfield>
      <subfield code="d">CDX</subfield>
      <subfield code="d">SINLB</subfield>
      <subfield code="d">E7B</subfield>
      <subfield code="d">YDXCP</subfield>
      <subfield code="d">OCLCQ</subfield>
      <subfield code="d">BWX</subfield>
    </datafield>
    <datafield tag="050" ind1="1" ind2="4">
      <subfield code="a">QB51.3.E43</subfield>
      <subfield code="b">I58 2011</subfield>
    </datafield>
    <datafield tag="082" ind1="0" ind2="4">
      <subfield code="a">520.1/13</subfield>
      <subfield code="2">22</subfield>
    </datafield>
    <datafield tag="111" ind1="2" ind2=" ">
      <subfield code="a">International Workshop on Data Analysis in Astronomy</subfield>
      <subfield code="n">(7th :</subfield>
      <subfield code="d">2011 :</subfield>
      <subfield code="c">Erice, Italy)</subfield>
    </datafield>
    <datafield tag="245" ind1="1" ind2="0">
      <subfield code="a">Science :</subfield>
      <subfield code="b">image in action : proceedings of the 7th International Workshop Data Analysis in Astronomy "Livio Scarsi and Vito DiGesú", Erice, Sicily, Italy, 15-21 April 2011 /</subfield>
      <subfield code="c">edited by Bertrand Zavidovique, Giosuè Lo Bosco.</subfield>
    </datafield>
    <datafield tag="260" ind1=" " ind2=" ">
      <subfield code="a">Singapore :</subfield>
      <subfield code="b">World Scientific,</subfield>
      <subfield code="c">c2012.</subfield>
    </datafield>
    <datafield tag="300" ind1=" " ind2=" ">
      <subfield code="a">xxi, 303 p. :</subfield>
      <subfield code="b">ill. ;</subfield>
      <subfield code="c">24 cm.</subfield>
    </datafield>
    <datafield tag="504" ind1=" " ind2=" ">
      <subfield code="a">Includes bibliographical references and author index.</subfield>
    </datafield>
    <datafield tag="650" ind1=" " ind2="0">
      <subfield code="a">Astronomy</subfield>
      <subfield code="x">Computer simulation</subfield>
      <subfield code="v">Congresses.</subfield>
    </datafield>
    <datafield tag="650" ind1=" " ind2="0">
      <subfield code="a">Astronomy</subfield>
      <subfield code="x">Data processing</subfield>
      <subfield code="v">Congresses.</subfield>
      <subfield code="0">http://id.loc.gov/authorities/subjects/sh2009116117</subfield>
    </datafield>
    <datafield tag="700" ind1="1" ind2=" ">
      <subfield code="a">Zavidovique, Bertrand.</subfield>
      <subfield code="0">http://id.loc.gov/authorities/names/no2011154535</subfield>
    </datafield>
    <datafield tag="700" ind1="1" ind2=" ">
      <subfield code="a">Lo Bosco, Giosuè.</subfield>
      <subfield code="0">http://id.loc.gov/authorities/names/no2008064094</subfield>
    </datafield>
    <datafield tag="902" ind1=" " ind2=" ">
      <subfield code="a">ad</subfield>
      <subfield code="b">m</subfield>
      <subfield code="6">a</subfield>
      <subfield code="7">m</subfield>
      <subfield code="d">v</subfield>
      <subfield code="f">1</subfield>
      <subfield code="e">20120713</subfield>
    </datafield>
    <datafield tag="904" ind1=" " ind2=" ">
      <subfield code="a">cjf</subfield>
      <subfield code="b">o</subfield>
      <subfield code="h">m</subfield>
      <subfield code="c">b</subfield>
      <subfield code="e">20120511</subfield>
    </datafield>
    <datafield tag="914" ind1=" " ind2=" ">
      <subfield code="a">(OCoLC)ocn759916435</subfield>
      <subfield code="b">OCoLC</subfield>
      <subfield code="c">match</subfield>
      <subfield code="d">20240501</subfield>
      <subfield code="e">processed</subfield>
      <subfield code="f">759916435</subfield>
    </datafield>
    <datafield tag="950" ind1=" " ind2=" ">
      <subfield code="c">2024-05-02 05:44:32 US/Eastern</subfield>
      <subfield code="b">2021-07-13 00:44:02 US/Eastern</subfield>
      <subfield code="a">false</subfield>
    </datafield>
    <datafield tag="852" ind1="0" ind2=" ">
      <subfield code="b">lewis</subfield>
      <subfield code="c">stacks</subfield>
      <subfield code="h">QB51.3.E43</subfield>
      <subfield code="i">I58 2011</subfield>
      <subfield code="8">22657936310006421</subfield>
    </datafield>
    <datafield tag="952" ind1=" " ind2=" ">
      <subfield code="a">2021-07-13 04:44:02</subfield>
      <subfield code="8">22657936310006421</subfield>
      <subfield code="b">Lewis Library</subfield>
      <subfield code="c">Stacks: Lewis Library</subfield>
      <subfield code="e">false</subfield>
    </datafield>
    <datafield tag="876" ind1=" " ind2=" ">
      <subfield code="0">22657936310006421</subfield>
      <subfield code="a">23657936300006421</subfield>
      <subfield code="j">1</subfield>
      <subfield code="z">stacks</subfield>
      <subfield code="d">2012-06-13 20:00:00 US/Eastern</subfield>
      <subfield code="p">32101071459067</subfield>
      <subfield code="t">1</subfield>
      <subfield code="y">lewis</subfield>
    </datafield>
  </record>