
  <record>
    <leader>00838cam a2200229M  4500</leader>
    <controlfield tag="005">20240718082911.0</controlfield>
    <controlfield tag="008">820218s1918    xx            000 0 eng  </controlfield>
    <controlfield tag="001">9969142853506421</controlfield>
    <datafield tag="035" ind1=" " ind2=" ">
      <subfield code="a">(NjP)6914285-princetondb</subfield>
    </datafield>
    <datafield tag="035" ind1=" " ind2=" ">
      <subfield code="z">(NjP)Voyager6914285</subfield>
    </datafield>
    <datafield tag="035" ind1=" " ind2=" ">
      <subfield code="a">(OCoLC)ocn317424581</subfield>
    </datafield>
    <datafield tag="040" ind1=" " ind2=" ">
      <subfield code="a">CaOTP</subfield>
      <subfield code="b">eng</subfield>
      <subfield code="c">TOH</subfield>
      <subfield code="d">OCLCQ</subfield>
      <subfield code="d">NjP</subfield>
    </datafield>
    <datafield tag="082" ind1="0" ind2="4">
      <subfield code="a">828</subfield>
    </datafield>
    <datafield tag="100" ind1="1" ind2=" ">
      <subfield code="a">Kilmer, Joyce,</subfield>
      <subfield code="d">1886-1918.</subfield>
      <subfield code="0">http://id.loc.gov/authorities/names/n50046153</subfield>
    </datafield>
    <datafield tag="245" ind1="1" ind2="0">
      <subfield code="a">Joyce Kilmer,</subfield>
      <subfield code="b">ed. with a memoir</subfield>
      <subfield code="c">by Robert Cortes Holliday.</subfield>
    </datafield>
    <datafield tag="260" ind1=" " ind2=" ">
      <subfield code="a">New York;</subfield>
      <subfield code="b">George H. Doran,</subfield>
      <subfield code="c">1918.</subfield>
    </datafield>
    <datafield tag="300" ind1=" " ind2=" ">
      <subfield code="a">2 v.</subfield>
      <subfield code="b">port.</subfield>
      <subfield code="c">21 cm.</subfield>
    </datafield>
    <datafield tag="500" ind1=" " ind2=" ">
      <subfield code="a">American miscellany.</subfield>
    </datafield>
    <datafield tag="505" ind1="0" ind2=" ">
      <subfield code="a">v. 1, Memoirs and poems.-v.2, Prose works.</subfield>
    </datafield>
    <datafield tag="700" ind1="1" ind2=" ">
      <subfield code="a">Holliday, Robert Cortes,</subfield>
      <subfield code="d">1880-</subfield>
    </datafield>
    <datafield tag="902" ind1=" " ind2=" ">
      <subfield code="a">mh</subfield>
      <subfield code="b">r</subfield>
      <subfield code="6">a</subfield>
      <subfield code="7">m</subfield>
      <subfield code="d">v</subfield>
      <subfield code="f">0</subfield>
      <subfield code="e">20111206</subfield>
    </datafield>
    <datafield tag="914" ind1=" " ind2=" ">
      <subfield code="a">(OCoLC)ocn317424581</subfield>
      <subfield code="b">OCoLC</subfield>
      <subfield code="c">match</subfield>
      <subfield code="d">20240717</subfield>
      <subfield code="e">processed</subfield>
      <subfield code="f">317424581</subfield>
    </datafield>
    <datafield tag="950" ind1=" " ind2=" ">
      <subfield code="c">2024-07-18 08:29:11 US/Eastern</subfield>
      <subfield code="b">2021-07-12 08:39:53 US/Eastern</subfield>
      <subfield code="a">false</subfield>
    </datafield>
    <datafield tag="852" ind1="0" ind2=" ">
      <subfield code="b">recap</subfield>
      <subfield code="c">pa</subfield>
      <subfield code="h">PS3521</subfield>
      <subfield code="i">.I38 1918</subfield>
      <subfield code="8">22483049750006421</subfield>
    </datafield>
    <datafield tag="866" ind1=" " ind2="0">
      <subfield code="a">Vol. 1-v. 2</subfield>
      <subfield code="8">22483049750006421</subfield>
    </datafield>
    <datafield tag="952" ind1=" " ind2=" ">
      <subfield code="a">2021-07-12 12:39:53</subfield>
      <subfield code="8">22483049750006421</subfield>
      <subfield code="b">ReCAP</subfield>
      <subfield code="c">rcppa: RECAP</subfield>
      <subfield code="e">false</subfield>
    </datafield>
    <datafield tag="876" ind1=" " ind2=" ">
      <subfield code="0">22483049750006421</subfield>
      <subfield code="a">23483049730006421</subfield>
      <subfield code="3">vol.2</subfield>
      <subfield code="j">1</subfield>
      <subfield code="z">pa</subfield>
      <subfield code="d">2011-12-05 19:00:00 US/Eastern</subfield>
      <subfield code="p">32101097313140</subfield>
      <subfield code="t">1</subfield>
      <subfield code="y">recap</subfield>
    </datafield>
    <datafield tag="876" ind1=" " ind2=" ">
      <subfield code="0">22483049750006421</subfield>
      <subfield code="a">23483049740006421</subfield>
      <subfield code="3">vol.1</subfield>
      <subfield code="j">1</subfield>
      <subfield code="z">pa</subfield>
      <subfield code="d">2011-12-05 19:00:00 US/Eastern</subfield>
      <subfield code="p">32101097313157</subfield>
      <subfield code="t">1</subfield>
      <subfield code="y">recap</subfield>
    </datafield>
  </record>