
  <record>
    <leader>01139cam a2200277 a 4500</leader>
    <controlfield tag="005">20240718082106.0</controlfield>
    <controlfield tag="008">100630s2011    si ab    b    001 0 eng  </controlfield>
    <controlfield tag="001">9968439153506421</controlfield>
    <datafield tag="020" ind1=" " ind2=" ">
      <subfield code="a">9789814304740 (pbk.)</subfield>
    </datafield>
    <datafield tag="020" ind1=" " ind2=" ">
      <subfield code="a">9814304743 (pbk.)</subfield>
    </datafield>
    <datafield tag="035" ind1=" " ind2=" ">
      <subfield code="a">(NjP)6843915-princetondb</subfield>
    </datafield>
    <datafield tag="035" ind1=" " ind2=" ">
      <subfield code="z">(NjP)Voyager6843915</subfield>
    </datafield>
    <datafield tag="035" ind1=" " ind2=" ">
      <subfield code="a">(OCoLC)ocn526091345</subfield>
    </datafield>
    <datafield tag="040" ind1=" " ind2=" ">
      <subfield code="a">UKM</subfield>
      <subfield code="b">eng</subfield>
      <subfield code="c">UKM</subfield>
      <subfield code="d">BTCTA</subfield>
      <subfield code="d">YDXCP</subfield>
      <subfield code="d">SINLB</subfield>
      <subfield code="d">CFI</subfield>
      <subfield code="d">CDX</subfield>
      <subfield code="d">IUL</subfield>
      <subfield code="d">NjP</subfield>
    </datafield>
    <datafield tag="050" ind1=" " ind2="4">
      <subfield code="a">CB478</subfield>
      <subfield code="b">.N688 2011</subfield>
    </datafield>
    <datafield tag="082" ind1="0" ind2="4">
      <subfield code="a">500</subfield>
      <subfield code="2">22</subfield>
    </datafield>
    <datafield tag="100" ind1="1" ind2=" ">
      <subfield code="a">Novak, Igor.</subfield>
      <subfield code="0">http://id.loc.gov/authorities/names/no2011170607</subfield>
    </datafield>
    <datafield tag="245" ind1="1" ind2="0">
      <subfield code="a">Science :</subfield>
      <subfield code="b">a many-splendored thing /</subfield>
      <subfield code="c">Igor Novak.</subfield>
    </datafield>
    <datafield tag="260" ind1=" " ind2=" ">
      <subfield code="a">Singapore ;</subfield>
      <subfield code="a">Hackensack, N.J. ;</subfield>
      <subfield code="a">London :</subfield>
      <subfield code="b">World Scientific,</subfield>
      <subfield code="c">c2011.</subfield>
    </datafield>
    <datafield tag="300" ind1=" " ind2=" ">
      <subfield code="a">xv, 320 p. :</subfield>
      <subfield code="b">ill. (some col.), maps ;</subfield>
      <subfield code="c">23 cm.</subfield>
    </datafield>
    <datafield tag="504" ind1=" " ind2=" ">
      <subfield code="a">Includes bibliographical references and index.</subfield>
    </datafield>
    <datafield tag="650" ind1=" " ind2="0">
      <subfield code="a">Science and civilization.</subfield>
      <subfield code="0">http://id.loc.gov/authorities/subjects/sh85118615</subfield>
    </datafield>
    <datafield tag="650" ind1=" " ind2="0">
      <subfield code="a">Science.</subfield>
      <subfield code="0">http://id.loc.gov/authorities/subjects/sh85118553</subfield>
    </datafield>
    <datafield tag="902" ind1=" " ind2=" ">
      <subfield code="a">df</subfield>
      <subfield code="b">m</subfield>
      <subfield code="6">a</subfield>
      <subfield code="7">m</subfield>
      <subfield code="d">v</subfield>
      <subfield code="f">1</subfield>
      <subfield code="e">20111103</subfield>
    </datafield>
    <datafield tag="904" ind1=" " ind2=" ">
      <subfield code="a">yj</subfield>
      <subfield code="b">a</subfield>
      <subfield code="h">m</subfield>
      <subfield code="c">b</subfield>
      <subfield code="e">20111027</subfield>
    </datafield>
    <datafield tag="914" ind1=" " ind2=" ">
      <subfield code="a">(OCoLC)ocn526091345</subfield>
      <subfield code="b">OCoLC</subfield>
      <subfield code="c">match</subfield>
      <subfield code="d">20240710</subfield>
      <subfield code="e">processed</subfield>
      <subfield code="f">526091345</subfield>
    </datafield>
    <datafield tag="950" ind1=" " ind2=" ">
      <subfield code="c">2024-07-18 08:21:06 US/Eastern</subfield>
      <subfield code="b">2021-07-12 23:28:24 US/Eastern</subfield>
      <subfield code="a">false</subfield>
    </datafield>
    <datafield tag="852" ind1="0" ind2=" ">
      <subfield code="b">firestone</subfield>
      <subfield code="c">stacks</subfield>
      <subfield code="h">CB478</subfield>
      <subfield code="i">.N688 2011</subfield>
      <subfield code="8">22644196880006421</subfield>
    </datafield>
    <datafield tag="952" ind1=" " ind2=" ">
      <subfield code="a">2021-07-13 03:28:24</subfield>
      <subfield code="8">22644196880006421</subfield>
      <subfield code="b">Firestone Library</subfield>
      <subfield code="c">stacks: Firestone Library</subfield>
      <subfield code="e">false</subfield>
    </datafield>
    <datafield tag="876" ind1=" " ind2=" ">
      <subfield code="0">22644196880006421</subfield>
      <subfield code="a">23644196850006421</subfield>
      <subfield code="j">1</subfield>
      <subfield code="z">stacks</subfield>
      <subfield code="d">2011-10-26 20:00:00 US/Eastern</subfield>
      <subfield code="p">32101083226660</subfield>
      <subfield code="t">1</subfield>
      <subfield code="y">firestone</subfield>
    </datafield>
  </record>