
  <record>
    <leader>02304cam a2200397   4500</leader>
    <controlfield tag="005">20240910145535.0</controlfield>
    <controlfield tag="006">m    |   j |      </controlfield>
    <controlfield tag="007">cr |n||||||||n</controlfield>
    <controlfield tag="008">860312s1762    xxu|||| s     00| | eng c</controlfield>
    <controlfield tag="001">9963469093506421</controlfield>
    <datafield tag="019" ind1=" " ind2=" ">
      <subfield code="a">367922241</subfield>
      <subfield code="a">456771874</subfield>
      <subfield code="a">510841345</subfield>
      <subfield code="a">722483441</subfield>
      <subfield code="a">728425614</subfield>
      <subfield code="a">734034651</subfield>
      <subfield code="a">746803956</subfield>
      <subfield code="a">1011935761</subfield>
      <subfield code="a">1022028391</subfield>
      <subfield code="a">1067131227</subfield>
      <subfield code="a">1086409632</subfield>
      <subfield code="a">1098525803</subfield>
      <subfield code="a">1100213278</subfield>
    </datafield>
    <datafield tag="035" ind1=" " ind2=" ">
      <subfield code="a">(Uk-ES)006428698</subfield>
    </datafield>
    <datafield tag="035" ind1=" " ind2=" ">
      <subfield code="a">(CU-RivES)W1132</subfield>
    </datafield>
    <datafield tag="035" ind1=" " ind2=" ">
      <subfield code="a">(OCoLC)ocm62811757</subfield>
      <subfield code="z">(OCoLC)ocn367922241</subfield>
      <subfield code="z">(OCoLC)ocn456771874</subfield>
      <subfield code="z">(OCoLC)ocn510841345</subfield>
      <subfield code="z">(OCoLC)ocn722483441</subfield>
      <subfield code="z">(OCoLC)ocn728425614</subfield>
      <subfield code="z">(OCoLC)ocn734034651</subfield>
      <subfield code="z">(OCoLC)ocn746803956</subfield>
      <subfield code="z">(OCoLC)on1011935761</subfield>
      <subfield code="z">(OCoLC)on1022028391</subfield>
      <subfield code="z">(OCoLC)on1067131227</subfield>
      <subfield code="z">(OCoLC)on1086409632</subfield>
      <subfield code="z">(OCoLC)on1098525803</subfield>
      <subfield code="z">(OCoLC)on1100213278</subfield>
    </datafield>
    <datafield tag="035" ind1=" " ind2=" ">
      <subfield code="a">(NjP)6346909-princetondb</subfield>
    </datafield>
    <datafield tag="035" ind1=" " ind2=" ">
      <subfield code="z">(OCoLC)367922241</subfield>
      <subfield code="z">(OCoLC)456771874</subfield>
      <subfield code="z">(OCoLC)510841345</subfield>
      <subfield code="z">(OCoLC)722483441</subfield>
      <subfield code="z">(OCoLC)728425614</subfield>
      <subfield code="z">(OCoLC)734034651</subfield>
      <subfield code="z">(OCoLC)746803956</subfield>
      <subfield code="z">(OCoLC)1011935761</subfield>
      <subfield code="z">(OCoLC)1022028391</subfield>
      <subfield code="z">(OCoLC)1067131227</subfield>
      <subfield code="z">(OCoLC)1086409632</subfield>
      <subfield code="z">(OCoLC)1098525803</subfield>
      <subfield code="z">(OCoLC)1100213278</subfield>
    </datafield>
    <datafield tag="035" ind1=" " ind2=" ">
      <subfield code="z">(NjP)Voyager6346909</subfield>
    </datafield>
    <datafield tag="040" ind1=" " ind2=" ">
      <subfield code="a">MWA</subfield>
      <subfield code="c">MWA</subfield>
      <subfield code="d">CU-RivES</subfield>
      <subfield code="d">CStRLIN</subfield>
      <subfield code="d">Cengage Gale</subfield>
    </datafield>
    <datafield tag="050" ind1=" " ind2="4">
      <subfield code="a">Z1215</subfield>
    </datafield>
    <datafield tag="090" ind1=" " ind2=" ">
      <subfield code="a">Electronic Resource</subfield>
    </datafield>
    <datafield tag="100" ind1="1" ind2=" ">
      <subfield code="a">Hopkinson, Francis,</subfield>
      <subfield code="d">1737-1791.</subfield>
      <subfield code="0">http://id.loc.gov/authorities/names/n50028479</subfield>
    </datafield>
    <datafield tag="245" ind1="1" ind2="0">
      <subfield code="a">Science</subfield>
      <subfield code="h">[electronic resource] :</subfield>
      <subfield code="b">A poem. By Francis Hopkinson, Esq; [Two lines in Latin from Horace].</subfield>
    </datafield>
    <datafield tag="260" ind1=" " ind2=" ">
      <subfield code="a">Philadelphia :</subfield>
      <subfield code="b">Printed by William Dunlap, in Market-Street,</subfield>
      <subfield code="c">MDCCLXII. [1762]</subfield>
    </datafield>
    <datafield tag="300" ind1=" " ind2=" ">
      <subfield code="a">iv,[1],6-19,[1]p. ;</subfield>
      <subfield code="c">4⁰.</subfield>
    </datafield>
    <datafield tag="510" ind1="4" ind2=" ">
      <subfield code="a">Evans,</subfield>
      <subfield code="c">9141</subfield>
    </datafield>
    <datafield tag="510" ind1="4" ind2=" ">
      <subfield code="a">Wegelin, O. Amer. poetry,</subfield>
      <subfield code="c">208</subfield>
    </datafield>
    <datafield tag="510" ind1="4" ind2=" ">
      <subfield code="a">Sabin,</subfield>
      <subfield code="c">32982</subfield>
    </datafield>
    <datafield tag="533" ind1=" " ind2=" ">
      <subfield code="a">Electronic reproduction.</subfield>
      <subfield code="b">Farmington Hills, Mich. :</subfield>
      <subfield code="c">Cengage Gale,</subfield>
      <subfield code="d">2009.</subfield>
      <subfield code="n">Available via the World Wide Web.</subfield>
      <subfield code="n">Access limited by licensing agreements.</subfield>
      <subfield code="7">s2009    miunns</subfield>
    </datafield>
    <datafield tag="510" ind1="0" ind2=" ">
      <subfield code="a">English Short Title Catalog,</subfield>
      <subfield code="c">W1132.</subfield>
    </datafield>
    <datafield tag="500" ind1=" " ind2=" ">
      <subfield code="a">Reproduction of original from Library of Congress.</subfield>
    </datafield>
    <datafield tag="650" ind1=" " ind2="0">
      <subfield code="a">Education, Higher</subfield>
      <subfield code="v">Poetry.</subfield>
    </datafield>
    <datafield tag="655" ind1=" " ind2="7">
      <subfield code="a">Poetry.</subfield>
      <subfield code="2">lcgft</subfield>
      <subfield code="0">http://id.loc.gov/authorities/genreForms/gf2014026481</subfield>
    </datafield>
    <datafield tag="655" ind1=" " ind2="7">
      <subfield code="a">Poems</subfield>
      <subfield code="2">rbmscv</subfield>
    </datafield>
    <datafield tag="700" ind1="1" ind2=" ">
      <subfield code="a">Dunlap, William,</subfield>
      <subfield code="d">-1779,</subfield>
      <subfield code="e">printer.</subfield>
      <subfield code="0">http://id.loc.gov/authorities/names/n87869664</subfield>
    </datafield>
    <datafield tag="773" ind1="0" ind2=" ">
      <subfield code="t">Eighteenth century collections online 2</subfield>
    </datafield>
    <datafield tag="902" ind1=" " ind2=" ">
      <subfield code="a">jwl</subfield>
      <subfield code="b">z</subfield>
      <subfield code="6">a</subfield>
      <subfield code="7">m</subfield>
      <subfield code="d">w</subfield>
      <subfield code="f">0</subfield>
      <subfield code="e">20101202</subfield>
    </datafield>
    <datafield tag="950" ind1=" " ind2=" ">
      <subfield code="c">2024-09-11 11:30:05 US/Eastern</subfield>
      <subfield code="b">2021-07-12 11:50:33 US/Eastern</subfield>
      <subfield code="a">false</subfield>
    </datafield>
    <datafield tag="951" ind1=" " ind2=" ">
      <subfield code="v">2023-02-16 10:50:41 US/Eastern</subfield>
      <subfield code="u">System</subfield>
      <subfield code="t">2021-07-20 15:15:33 US/Eastern</subfield>
      <subfield code="x">https://na05.alma.exlibrisgroup.com/view/uresolver/01PRI_INST/openurl?u.ignore_date_coverage=true&amp;portfolio_pid=53841713030006421&amp;Force_direct=true</subfield>
      <subfield code="s">P2E_JOB</subfield>
      <subfield code="0">53841713030006421</subfield>
      <subfield code="w">2021-07-20 19:15:33</subfield>
      <subfield code="f">true</subfield>
      <subfield code="m">61963751660006421</subfield>
      <subfield code="n">Gale Eighteenth Century Collections</subfield>
      <subfield code="b">static</subfield>
      <subfield code="1">62963751650006421</subfield>
      <subfield code="c">d?u.ignore_date_coverage=true&amp;rft.mms_id=9963469093506421</subfield>
      <subfield code="a">Available</subfield>
      <subfield code="e">BOOK</subfield>
      <subfield code="8">53841713030006421</subfield>
    </datafield>
  </record>