
  <record>
    <leader>01514cam a22003978a 4500</leader>
    <controlfield tag="005">20240819103531.0</controlfield>
    <controlfield tag="008">910911s1991    enka   j      000 0 eng  </controlfield>
    <controlfield tag="001">9958689083506421</controlfield>
    <datafield tag="015" ind1=" " ind2=" ">
      <subfield code="a">GB9152482</subfield>
      <subfield code="2">bnb</subfield>
    </datafield>
    <datafield tag="016" ind1="7" ind2=" ">
      <subfield code="a">008419901</subfield>
      <subfield code="2">Uk</subfield>
    </datafield>
    <datafield tag="019" ind1=" " ind2=" ">
      <subfield code="a">24754934</subfield>
      <subfield code="a">877284063</subfield>
    </datafield>
    <datafield tag="020" ind1=" " ind2=" ">
      <subfield code="a">0340544546 (pbk) :</subfield>
      <subfield code="c">£2.50</subfield>
    </datafield>
    <datafield tag="020" ind1=" " ind2=" ">
      <subfield code="a">9780340544549 (pbk)</subfield>
    </datafield>
    <datafield tag="035" ind1=" " ind2=" ">
      <subfield code="a">(idCotsen)16555</subfield>
    </datafield>
    <datafield tag="035" ind1=" " ind2=" ">
      <subfield code="9">(cotsenAccess)29805</subfield>
    </datafield>
    <datafield tag="035" ind1=" " ind2=" ">
      <subfield code="a">(cotsendb)66578</subfield>
    </datafield>
    <datafield tag="035" ind1=" " ind2=" ">
      <subfield code="a">(NjP)5868908-princetondb</subfield>
    </datafield>
    <datafield tag="035" ind1=" " ind2=" ">
      <subfield code="z">(OCoLC)24754934</subfield>
      <subfield code="z">(OCoLC)877284063</subfield>
    </datafield>
    <datafield tag="035" ind1=" " ind2=" ">
      <subfield code="a">(OCoLC)ocn877433457</subfield>
    </datafield>
    <datafield tag="035" ind1=" " ind2=" ">
      <subfield code="z">(NjP)Voyager5868908</subfield>
    </datafield>
    <datafield tag="040" ind1=" " ind2=" ">
      <subfield code="a">UKM</subfield>
      <subfield code="b">eng</subfield>
      <subfield code="c">UKM</subfield>
      <subfield code="d">NjP</subfield>
    </datafield>
    <datafield tag="050" ind1=" " ind2="4">
      <subfield code="a">LB1585</subfield>
    </datafield>
    <datafield tag="082" ind1="0" ind2="0">
      <subfield code="a">372.35</subfield>
      <subfield code="2">20</subfield>
    </datafield>
    <datafield tag="100" ind1="1" ind2=" ">
      <subfield code="a">Clarke, Shirley.</subfield>
      <subfield code="0">http://id.loc.gov/authorities/names/nb2005016704</subfield>
    </datafield>
    <datafield tag="245" ind1="1" ind2="0">
      <subfield code="a">Science /</subfield>
      <subfield code="c">Shirley Clarke &amp; Barry Silsby ; illustrated by Karen Constantine.</subfield>
    </datafield>
    <datafield tag="260" ind1=" " ind2=" ">
      <subfield code="a">[England] :</subfield>
      <subfield code="b">Headway :</subfield>
      <subfield code="b">Hodder &amp; Stoughton,</subfield>
      <subfield code="c">1991.</subfield>
    </datafield>
    <datafield tag="300" ind1=" " ind2=" ">
      <subfield code="a">24 p. :</subfield>
      <subfield code="b">col. ill. ;</subfield>
      <subfield code="c">28 cm.</subfield>
    </datafield>
    <datafield tag="490" ind1="0" ind2=" ">
      <subfield code="a">Headstart.</subfield>
    </datafield>
    <datafield tag="500" ind1=" " ind2=" ">
      <subfield code="a">"Second impression 1992"--p. 24.</subfield>
    </datafield>
    <datafield tag="500" ind1=" " ind2=" ">
      <subfield code="a">On front wrapper: Linked to the National Curriculum. Age 5-7.</subfield>
    </datafield>
    <datafield tag="563" ind1=" " ind2=" ">
      <subfield code="a">Pub. white col. pict. wraps with ads on rear.</subfield>
    </datafield>
    <datafield tag="650" ind1=" " ind2="0">
      <subfield code="a">Science</subfield>
      <subfield code="v">Juvenile literature.</subfield>
      <subfield code="0">http://id.loc.gov/authorities/subjects/sh85118574</subfield>
    </datafield>
    <datafield tag="653" ind1=" " ind2=" ">
      <subfield code="a">Primary schools</subfield>
      <subfield code="a">Curriculum</subfield>
      <subfield code="a">Science</subfield>
    </datafield>
    <datafield tag="700" ind1="1" ind2=" ">
      <subfield code="a">Silsby, Barry.</subfield>
      <subfield code="0">http://id.loc.gov/authorities/names/nb2010003796</subfield>
    </datafield>
    <datafield tag="700" ind1="1" ind2=" ">
      <subfield code="a">Constantine, Karen.</subfield>
    </datafield>
    <datafield tag="914" ind1=" " ind2=" ">
      <subfield code="a">(OCoLC)ocn877433457</subfield>
      <subfield code="b">OCoLC</subfield>
      <subfield code="c">match</subfield>
      <subfield code="d">20221117</subfield>
      <subfield code="e">processed</subfield>
      <subfield code="f">877433457</subfield>
    </datafield>
    <datafield tag="950" ind1=" " ind2=" ">
      <subfield code="c">2024-08-19 10:35:31 US/Eastern</subfield>
      <subfield code="b">2021-07-12 12:51:55 US/Eastern</subfield>
      <subfield code="a">false</subfield>
    </datafield>
    <datafield tag="852" ind1="8" ind2=" ">
      <subfield code="b">rare</subfield>
      <subfield code="c">ctsn</subfield>
      <subfield code="h">16555</subfield>
      <subfield code="k">Pams / Eng 20 / Box 1</subfield>
      <subfield code="8">22528838220006421</subfield>
    </datafield>
    <datafield tag="952" ind1=" " ind2=" ">
      <subfield code="a">2021-07-12 16:51:55</subfield>
      <subfield code="8">22528838220006421</subfield>
      <subfield code="b">Special Collections</subfield>
      <subfield code="c">ctsn: Cotsen Children's Library</subfield>
      <subfield code="e">false</subfield>
    </datafield>
    <datafield tag="876" ind1=" " ind2=" ">
      <subfield code="0">22528838220006421</subfield>
      <subfield code="a">23528838210006421</subfield>
      <subfield code="j">1</subfield>
      <subfield code="z">ctsn</subfield>
      <subfield code="d">2009-08-11 20:00:00 US/Eastern</subfield>
      <subfield code="p">32101070530769</subfield>
      <subfield code="t">1</subfield>
      <subfield code="y">rare</subfield>
    </datafield>
  </record>