
  <record>
    <leader>02178cam a2200361 a 4500</leader>
    <controlfield tag="005">20240718083531.0</controlfield>
    <controlfield tag="008">090429s2009    enkab    b    001 0 eng  </controlfield>
    <controlfield tag="001">9957596793506421</controlfield>
    <datafield tag="010" ind1=" " ind2=" ">
      <subfield code="a">  2008050975</subfield>
    </datafield>
    <datafield tag="020" ind1=" " ind2=" ">
      <subfield code="a">9780199226894</subfield>
    </datafield>
    <datafield tag="020" ind1=" " ind2=" ">
      <subfield code="a">019922689X</subfield>
    </datafield>
    <datafield tag="035" ind1=" " ind2=" ">
      <subfield code="a">(UkOxBHB)L0812025</subfield>
    </datafield>
    <datafield tag="035" ind1=" " ind2=" ">
      <subfield code="a">(NjP)5759679-princetondb</subfield>
    </datafield>
    <datafield tag="035" ind1=" " ind2=" ">
      <subfield code="z">(NjP)Voyager5759679</subfield>
    </datafield>
    <datafield tag="035" ind1=" " ind2=" ">
      <subfield code="a">(OCoLC)ocn255902910</subfield>
    </datafield>
    <datafield tag="040" ind1=" " ind2=" ">
      <subfield code="a">DLC</subfield>
      <subfield code="b">eng</subfield>
      <subfield code="c">DLC</subfield>
      <subfield code="d">BTCTA</subfield>
      <subfield code="d">UKM</subfield>
      <subfield code="d">YDXCP</subfield>
      <subfield code="d">BWKUK</subfield>
      <subfield code="d">BWK</subfield>
      <subfield code="d">YBM</subfield>
      <subfield code="d">OCLCQ</subfield>
      <subfield code="d">CDX</subfield>
    </datafield>
    <datafield tag="050" ind1="0" ind2="0">
      <subfield code="a">Q125</subfield>
      <subfield code="b">.F27 2009</subfield>
    </datafield>
    <datafield tag="082" ind1="0" ind2="0">
      <subfield code="a">509</subfield>
      <subfield code="2">22</subfield>
    </datafield>
    <datafield tag="100" ind1="1" ind2=" ">
      <subfield code="a">Fara, Patricia.</subfield>
      <subfield code="0">http://id.loc.gov/authorities/names/n83237974</subfield>
    </datafield>
    <datafield tag="245" ind1="1" ind2="0">
      <subfield code="a">Science :</subfield>
      <subfield code="b">a four thousand year history /</subfield>
      <subfield code="c">Patricia Fara.</subfield>
    </datafield>
    <datafield tag="250" ind1=" " ind2=" ">
      <subfield code="a">1st ed.</subfield>
    </datafield>
    <datafield tag="260" ind1=" " ind2=" ">
      <subfield code="a">Oxford ;</subfield>
      <subfield code="a">New York :</subfield>
      <subfield code="b">Oxford University Press,</subfield>
      <subfield code="c">2009.</subfield>
    </datafield>
    <datafield tag="300" ind1=" " ind2=" ">
      <subfield code="a">xv, 408 p. :</subfield>
      <subfield code="b">ill., maps ;</subfield>
      <subfield code="c">25 cm.</subfield>
    </datafield>
    <datafield tag="504" ind1=" " ind2=" ">
      <subfield code="a">Includes bibliographical references (p. [375]-390) and index.</subfield>
    </datafield>
    <datafield tag="505" ind1="0" ind2=" ">
      <subfield code="a">1: Origins -- Sevens -- Babylon -- Heroes -- Cosmos -- Life -- Matter -- Technology -- 2: Interactions -- Eurocentrism -- China -- Islam -- Scholarship -- Europe -- Aristotle -- Alchemy -- 3: Experiments -- Exploration -- Magic -- Astronomy -- Bodies -- Machines -- Instruments -- Gravity -- 4: Institutions -- Societies -- Systems -- Careers -- Industries -- Revolutions -- Rationality -- Disciplines -- 5: Laws -- Progress -- Globalization -- Objectivity -- God -- Evolution -- Power -- Time -- 6: Invisibles -- Life -- Germs -- Rays -- Particles -- Genes -- Chemicals -- Uncertainties -- 7: Decisions -- Warfare -- Heredity -- Cosmology -- Information -- Rivalry -- Environment -- Futures.</subfield>
    </datafield>
    <datafield tag="650" ind1=" " ind2="0">
      <subfield code="a">Science</subfield>
      <subfield code="x">History.</subfield>
      <subfield code="0">http://id.loc.gov/authorities/subjects/sh85118570</subfield>
    </datafield>
    <datafield tag="650" ind1=" " ind2="0">
      <subfield code="a">Science and civilization.</subfield>
      <subfield code="0">http://id.loc.gov/authorities/subjects/sh85118615</subfield>
    </datafield>
    <datafield tag="902" ind1=" " ind2=" ">
      <subfield code="a">sdg</subfield>
      <subfield code="b">l</subfield>
      <subfield code="6">a</subfield>
      <subfield code="7">m</subfield>
      <subfield code="d">v</subfield>
      <subfield code="f">1</subfield>
      <subfield code="e">20090602</subfield>
    </datafield>
    <datafield tag="904" ind1=" " ind2=" ">
      <subfield code="a">sdg</subfield>
      <subfield code="b">a</subfield>
      <subfield code="h">m</subfield>
      <subfield code="c">b</subfield>
      <subfield code="e">20090602</subfield>
    </datafield>
    <datafield tag="914" ind1=" " ind2=" ">
      <subfield code="a">(OCoLC)ocn255902910</subfield>
      <subfield code="b">OCoLC</subfield>
      <subfield code="c">match</subfield>
      <subfield code="d">20240710</subfield>
      <subfield code="e">processed</subfield>
      <subfield code="f">255902910</subfield>
    </datafield>
    <datafield tag="956" ind1="4" ind2="2">
      <subfield code="3">Contributor biographical information</subfield>
      <subfield code="u">http://www.loc.gov/catdir/enhancements/fy0909/2008050975-b.html</subfield>
    </datafield>
    <datafield tag="956" ind1="4" ind2="2">
      <subfield code="3">Publisher description</subfield>
      <subfield code="u">http://www.loc.gov/catdir/enhancements/fy0909/2008050975-d.html</subfield>
    </datafield>
    <datafield tag="999" ind1=" " ind2=" ">
      <subfield code="a">5759679</subfield>
    </datafield>
    <datafield tag="950" ind1=" " ind2=" ">
      <subfield code="c">2024-07-18 08:35:31 US/Eastern</subfield>
      <subfield code="b">2021-07-12 22:33:22 US/Eastern</subfield>
      <subfield code="a">false</subfield>
    </datafield>
    <datafield tag="852" ind1="0" ind2=" ">
      <subfield code="b">firestone</subfield>
      <subfield code="c">stacks</subfield>
      <subfield code="h">Q125</subfield>
      <subfield code="i">.F27 2009</subfield>
      <subfield code="8">22634369230006421</subfield>
    </datafield>
    <datafield tag="952" ind1=" " ind2=" ">
      <subfield code="a">2021-07-13 02:33:22</subfield>
      <subfield code="8">22634369230006421</subfield>
      <subfield code="b">Firestone Library</subfield>
      <subfield code="c">stacks: Firestone Library</subfield>
      <subfield code="e">false</subfield>
    </datafield>
    <datafield tag="876" ind1=" " ind2=" ">
      <subfield code="0">22634369230006421</subfield>
      <subfield code="a">23634369220006421</subfield>
      <subfield code="j">1</subfield>
      <subfield code="z">stacks</subfield>
      <subfield code="d">2009-06-01 20:00:00 US/Eastern</subfield>
      <subfield code="p">32101072718081</subfield>
      <subfield code="t">1</subfield>
      <subfield code="y">firestone</subfield>
    </datafield>
  </record>