
  <record>
    <leader>01328cam a2200289 a 4500</leader>
    <controlfield tag="005">20240711064407.0</controlfield>
    <controlfield tag="008">910323t19191917nyu      b    000 p eng d</controlfield>
    <controlfield tag="001">9956122753506421</controlfield>
    <datafield tag="019" ind1=" " ind2=" ">
      <subfield code="a">23288357</subfield>
      <subfield code="a">713987075</subfield>
    </datafield>
    <datafield tag="035" ind1=" " ind2=" ">
      <subfield code="a">(NjP)5612275-princetondb</subfield>
    </datafield>
    <datafield tag="035" ind1=" " ind2=" ">
      <subfield code="z">(OCoLC)23288357</subfield>
      <subfield code="z">(OCoLC)713987075</subfield>
    </datafield>
    <datafield tag="035" ind1=" " ind2=" ">
      <subfield code="z">(NjP)Voyager5612275</subfield>
    </datafield>
    <datafield tag="035" ind1=" " ind2=" ">
      <subfield code="a">(OCoLC)ocn488793596</subfield>
    </datafield>
    <datafield tag="040" ind1=" " ind2=" ">
      <subfield code="a">KUK</subfield>
      <subfield code="b">eng</subfield>
      <subfield code="c">KUK</subfield>
      <subfield code="d">NZ1</subfield>
      <subfield code="d">OCLCG</subfield>
      <subfield code="d">NjP</subfield>
    </datafield>
    <datafield tag="050" ind1=" " ind2="4">
      <subfield code="a">PR1225</subfield>
      <subfield code="b">.M6 1919</subfield>
    </datafield>
    <datafield tag="245" ind1="0" ind2="4">
      <subfield code="a">The new poetry :</subfield>
      <subfield code="b">an anthology /</subfield>
      <subfield code="c">edited by Harriet Monroe and Alice Corbin Henderson.</subfield>
    </datafield>
    <datafield tag="260" ind1=" " ind2=" ">
      <subfield code="a">New York :</subfield>
      <subfield code="b">Macmillan Company,</subfield>
      <subfield code="c">1919, c1917.</subfield>
    </datafield>
    <datafield tag="300" ind1=" " ind2=" ">
      <subfield code="a">xxxi p., 404 p. ;</subfield>
      <subfield code="c">20 cm.</subfield>
    </datafield>
    <datafield tag="504" ind1=" " ind2=" ">
      <subfield code="a">Includes bibliographical references (p. 385-404).</subfield>
    </datafield>
    <datafield tag="650" ind1=" " ind2="0">
      <subfield code="a">American poetry</subfield>
      <subfield code="y">20th century.</subfield>
      <subfield code="0">http://id.loc.gov/authorities/subjects/sh85004387</subfield>
    </datafield>
    <datafield tag="650" ind1=" " ind2="0">
      <subfield code="a">English poetry</subfield>
      <subfield code="y">20th century.</subfield>
      <subfield code="0">http://id.loc.gov/authorities/subjects/sh85043938</subfield>
    </datafield>
    <datafield tag="655" ind1=" " ind2="7">
      <subfield code="a">Poetry.</subfield>
      <subfield code="2">lcgft</subfield>
      <subfield code="0">http://id.loc.gov/authorities/genreForms/gf2014026481</subfield>
    </datafield>
    <datafield tag="700" ind1="1" ind2=" ">
      <subfield code="a">Monroe, Harriet,</subfield>
      <subfield code="d">1860-1936.</subfield>
      <subfield code="0">http://id.loc.gov/authorities/names/n50003790</subfield>
    </datafield>
    <datafield tag="700" ind1="1" ind2=" ">
      <subfield code="a">Henderson, Alice Corbin,</subfield>
      <subfield code="d">1881-1949.</subfield>
      <subfield code="0">http://id.loc.gov/authorities/names/no92018839</subfield>
    </datafield>
    <datafield tag="902" ind1=" " ind2=" ">
      <subfield code="a">rph</subfield>
      <subfield code="b">m</subfield>
      <subfield code="6">a</subfield>
      <subfield code="7">m</subfield>
      <subfield code="d">v</subfield>
      <subfield code="f">1</subfield>
      <subfield code="e">20081123</subfield>
    </datafield>
    <datafield tag="904" ind1=" " ind2=" ">
      <subfield code="a">rph</subfield>
      <subfield code="b">g</subfield>
      <subfield code="h">m</subfield>
      <subfield code="c">b</subfield>
      <subfield code="e">20081123</subfield>
    </datafield>
    <datafield tag="914" ind1=" " ind2=" ">
      <subfield code="a">(OCoLC)ocn488793596</subfield>
      <subfield code="b">OCoLC</subfield>
      <subfield code="c">match</subfield>
      <subfield code="d">20240710</subfield>
      <subfield code="e">processed</subfield>
      <subfield code="f">488793596</subfield>
    </datafield>
    <datafield tag="950" ind1=" " ind2=" ">
      <subfield code="c">2024-07-11 06:44:07 US/Eastern</subfield>
      <subfield code="b">2021-07-12 16:21:56 US/Eastern</subfield>
      <subfield code="a">false</subfield>
    </datafield>
    <datafield tag="852" ind1="0" ind2=" ">
      <subfield code="b">recap</subfield>
      <subfield code="c">pa</subfield>
      <subfield code="h">PR1225</subfield>
      <subfield code="i">.M6 1919</subfield>
      <subfield code="8">22566907210006421</subfield>
    </datafield>
    <datafield tag="952" ind1=" " ind2=" ">
      <subfield code="d">2023-09-14 15:54:31</subfield>
      <subfield code="8">22566907210006421</subfield>
      <subfield code="a">2021-07-12 20:21:56</subfield>
      <subfield code="b">ReCAP</subfield>
      <subfield code="c">rcppa: RECAP</subfield>
      <subfield code="e">false</subfield>
    </datafield>
    <datafield tag="876" ind1=" " ind2=" ">
      <subfield code="0">22566907210006421</subfield>
      <subfield code="a">23566907200006421</subfield>
      <subfield code="j">1</subfield>
      <subfield code="z">pa</subfield>
      <subfield code="d">2008-11-22 19:00:00 US/Eastern</subfield>
      <subfield code="p">32101063358582</subfield>
      <subfield code="t">1</subfield>
      <subfield code="y">recap</subfield>
    </datafield>
  </record>