
  <record>
    <leader>01540cam a2200349 a 4500</leader>
    <controlfield tag="005">20240725053653.0</controlfield>
    <controlfield tag="008">071016s2007    wvu           000 0 eng d</controlfield>
    <controlfield tag="001">9954014793506421</controlfield>
    <datafield tag="010" ind1=" " ind2=" ">
      <subfield code="a">  2007933592</subfield>
    </datafield>
    <datafield tag="020" ind1=" " ind2=" ">
      <subfield code="a">0976623846</subfield>
    </datafield>
    <datafield tag="020" ind1=" " ind2=" ">
      <subfield code="a">9780976623847</subfield>
    </datafield>
    <datafield tag="035" ind1=" " ind2=" ">
      <subfield code="a">(NjP)5401479-princetondb</subfield>
    </datafield>
    <datafield tag="035" ind1=" " ind2=" ">
      <subfield code="z">(NjP)Voyager5401479</subfield>
    </datafield>
    <datafield tag="035" ind1=" " ind2=" ">
      <subfield code="a">(OCoLC)ocn174289512</subfield>
    </datafield>
    <datafield tag="040" ind1=" " ind2=" ">
      <subfield code="a">UUS</subfield>
      <subfield code="b">eng</subfield>
      <subfield code="c">UUS</subfield>
      <subfield code="d">NjP</subfield>
    </datafield>
    <datafield tag="050" ind1=" " ind2="4">
      <subfield code="a">Q125</subfield>
      <subfield code="b">.S35 2007</subfield>
    </datafield>
    <datafield tag="245" ind1="0" ind2="0">
      <subfield code="a">Science /</subfield>
      <subfield code="c">Mark Amadeus Notturno.</subfield>
    </datafield>
    <datafield tag="250" ind1=" " ind2=" ">
      <subfield code="a">1st ed.</subfield>
    </datafield>
    <datafield tag="260" ind1=" " ind2=" ">
      <subfield code="a">Parkersburg, WV :</subfield>
      <subfield code="b">Interactivity Foundation,</subfield>
      <subfield code="c">2007</subfield>
    </datafield>
    <datafield tag="300" ind1=" " ind2=" ">
      <subfield code="a">iv, 102 p. ;</subfield>
      <subfield code="c">28 cm.</subfield>
    </datafield>
    <datafield tag="440" ind1=" " ind2="0">
      <subfield code="a">Interactivity Foundation series of citizen staff work reports for democratic discussion ;</subfield>
      <subfield code="v">no. 4</subfield>
    </datafield>
    <datafield tag="500" ind1=" " ind2=" ">
      <subfield code="a">"A project of the Interactivity Foundation."</subfield>
    </datafield>
    <datafield tag="650" ind1=" " ind2="0">
      <subfield code="a">Science and state.</subfield>
      <subfield code="0">http://id.loc.gov/authorities/subjects/sh85118622</subfield>
    </datafield>
    <datafield tag="650" ind1=" " ind2="0">
      <subfield code="a">Technology and state.</subfield>
      <subfield code="0">http://id.loc.gov/authorities/subjects/sh85133184</subfield>
    </datafield>
    <datafield tag="650" ind1=" " ind2="0">
      <subfield code="a">Science</subfield>
      <subfield code="x">Social aspects.</subfield>
      <subfield code="0">http://id.loc.gov/authorities/subjects/sh85118585</subfield>
    </datafield>
    <datafield tag="650" ind1=" " ind2="0">
      <subfield code="a">Technology</subfield>
      <subfield code="x">Social aspects.</subfield>
      <subfield code="0">http://id.loc.gov/authorities/subjects/sh85133169</subfield>
    </datafield>
    <datafield tag="650" ind1=" " ind2="0">
      <subfield code="a">Policy sciences.</subfield>
      <subfield code="0">http://id.loc.gov/authorities/subjects/sh85104264</subfield>
    </datafield>
    <datafield tag="650" ind1=" " ind2="0">
      <subfield code="a">Political planning.</subfield>
      <subfield code="0">http://id.loc.gov/authorities/subjects/sh85104377</subfield>
    </datafield>
    <datafield tag="700" ind1="1" ind2=" ">
      <subfield code="a">Notturno, Mark Amadeus.</subfield>
      <subfield code="0">http://id.loc.gov/authorities/names/n82252158</subfield>
    </datafield>
    <datafield tag="902" ind1=" " ind2=" ">
      <subfield code="a">rb</subfield>
      <subfield code="b">m</subfield>
      <subfield code="6">a</subfield>
      <subfield code="7">m</subfield>
      <subfield code="d">v</subfield>
      <subfield code="f">1</subfield>
      <subfield code="e">20081107</subfield>
    </datafield>
    <datafield tag="904" ind1=" " ind2=" ">
      <subfield code="a">anm</subfield>
      <subfield code="b">g</subfield>
      <subfield code="h">m</subfield>
      <subfield code="c">b</subfield>
      <subfield code="e">20080226</subfield>
    </datafield>
    <datafield tag="914" ind1=" " ind2=" ">
      <subfield code="a">(OCoLC)ocn174289512</subfield>
      <subfield code="b">OCoLC</subfield>
      <subfield code="c">match</subfield>
      <subfield code="d">20240717</subfield>
      <subfield code="e">processed</subfield>
      <subfield code="f">174289512</subfield>
    </datafield>
    <datafield tag="950" ind1=" " ind2=" ">
      <subfield code="c">2024-07-25 05:36:53 US/Eastern</subfield>
      <subfield code="b">2021-07-13 04:48:00 US/Eastern</subfield>
      <subfield code="a">false</subfield>
    </datafield>
    <datafield tag="852" ind1="0" ind2=" ">
      <subfield code="b">firestone</subfield>
      <subfield code="c">stacks</subfield>
      <subfield code="h">Q125</subfield>
      <subfield code="i">.S35 2007</subfield>
      <subfield code="8">22701449030006421</subfield>
    </datafield>
    <datafield tag="952" ind1=" " ind2=" ">
      <subfield code="a">2021-07-13 08:48:00</subfield>
      <subfield code="8">22701449030006421</subfield>
      <subfield code="b">Firestone Library</subfield>
      <subfield code="c">stacks: Firestone Library</subfield>
      <subfield code="e">false</subfield>
    </datafield>
    <datafield tag="876" ind1=" " ind2=" ">
      <subfield code="0">22701449030006421</subfield>
      <subfield code="a">23701449010006421</subfield>
      <subfield code="j">1</subfield>
      <subfield code="z">stacks</subfield>
      <subfield code="d">2008-02-25 19:00:00 US/Eastern</subfield>
      <subfield code="p">32101064185703</subfield>
      <subfield code="t">1</subfield>
      <subfield code="y">firestone</subfield>
    </datafield>
  </record>