
  <record>
    <leader>01834cam a22003491a 4500</leader>
    <controlfield tag="005">20240910141217.0</controlfield>
    <controlfield tag="007">cr mn mmmmabba</controlfield>
    <controlfield tag="008">860312s1762    pau     s     000 0 eng d</controlfield>
    <controlfield tag="001">9948784633506421</controlfield>
    <datafield tag="035" ind1=" " ind2=" ">
      <subfield code="z">w001133</subfield>
    </datafield>
    <datafield tag="035" ind1=" " ind2=" ">
      <subfield code="a">MAAR8603123905B</subfield>
    </datafield>
    <datafield tag="035" ind1=" " ind2=" ">
      <subfield code="9">mwa91-40103</subfield>
    </datafield>
    <datafield tag="035" ind1=" " ind2=" ">
      <subfield code="a">Evans319936</subfield>
    </datafield>
    <datafield tag="035" ind1=" " ind2=" ">
      <subfield code="a">aas03001133</subfield>
    </datafield>
    <datafield tag="035" ind1=" " ind2=" ">
      <subfield code="a">(NjP)4878463-princetondb</subfield>
    </datafield>
    <datafield tag="035" ind1=" " ind2=" ">
      <subfield code="z">(NjP)Voyager4878463</subfield>
    </datafield>
    <datafield tag="040" ind1=" " ind2=" ">
      <subfield code="a">MWA</subfield>
      <subfield code="c">MWA</subfield>
      <subfield code="e">bdrb</subfield>
    </datafield>
    <datafield tag="090" ind1=" " ind2=" ">
      <subfield code="a">Electronic Resource</subfield>
    </datafield>
    <datafield tag="100" ind1="1" ind2=" ">
      <subfield code="a">Hopkinson, Francis,</subfield>
      <subfield code="d">1737-1791.</subfield>
      <subfield code="0">http://id.loc.gov/authorities/names/n50028479</subfield>
    </datafield>
    <datafield tag="245" ind1="1" ind2="0">
      <subfield code="a">Science.</subfield>
      <subfield code="h">[electronic resource] :</subfield>
      <subfield code="b">A poem. /</subfield>
      <subfield code="c">By Francis Hopkinson. ; [Two lines in Latin from Horace]</subfield>
    </datafield>
    <datafield tag="260" ind1=" " ind2=" ">
      <subfield code="a">Philadelphia: :</subfield>
      <subfield code="b">Printed, and sold by Andrew Steuart, at the Bible-in-Heart, in Second-Street.,</subfield>
      <subfield code="c">MDCCLXII. Price single three old pennies, --one shilling per [...] [1762]</subfield>
    </datafield>
    <datafield tag="300" ind1=" " ind2=" ">
      <subfield code="a">8 p. ;</subfield>
      <subfield code="c">(8vo)</subfield>
    </datafield>
    <datafield tag="500" ind1=" " ind2=" ">
      <subfield code="a">In a published statement, Hopkinson asserted this edition to be a piracy, and hoped the public would realize the poem's errors were the fault of the printer. Cf. Hastings, G.E. The life and works of Francis Hopkinson, 1926, p. 85.</subfield>
    </datafield>
    <datafield tag="510" ind1="4" ind2=" ">
      <subfield code="a">Evans</subfield>
      <subfield code="c">9142</subfield>
    </datafield>
    <datafield tag="510" ind1="4" ind2=" ">
      <subfield code="a">Wegelin, O. Amer. poetry,</subfield>
      <subfield code="c">208</subfield>
    </datafield>
    <datafield tag="530" ind1=" " ind2=" ">
      <subfield code="a">Microform version available in the Readex Early American Imprints series.</subfield>
    </datafield>
    <datafield tag="533" ind1=" " ind2=" ">
      <subfield code="a">Electronic text and image data.</subfield>
      <subfield code="b">[Chester, Vt. :</subfield>
      <subfield code="c">Readex, a division of Newsbank, Inc.,</subfield>
      <subfield code="d">2002-2004.</subfield>
      <subfield code="e">Includes files in TIFF, GIF and PDF formats with inclusion of keyword searchable text.</subfield>
      <subfield code="f">(Early American imprints. First series ; no. 9142).</subfield>
    </datafield>
    <datafield tag="650" ind1=" " ind2="0">
      <subfield code="a">Education, Higher</subfield>
      <subfield code="v">Poetry.</subfield>
    </datafield>
    <datafield tag="655" ind1=" " ind2="7">
      <subfield code="a">Poetry.</subfield>
      <subfield code="2">lcgft</subfield>
      <subfield code="0">http://id.loc.gov/authorities/genreForms/gf2014026481</subfield>
    </datafield>
    <datafield tag="655" ind1=" " ind2="7">
      <subfield code="a">Poems</subfield>
      <subfield code="2">rbmscv</subfield>
    </datafield>
    <datafield tag="752" ind1=" " ind2=" ">
      <subfield code="a">United States</subfield>
      <subfield code="b">Pennsylvania</subfield>
      <subfield code="d">Philadelphia.</subfield>
    </datafield>
    <datafield tag="830" ind1=" " ind2="0">
      <subfield code="a">Early American imprints.</subfield>
      <subfield code="n">First series ;</subfield>
      <subfield code="v">no. 9142.</subfield>
    </datafield>
    <datafield tag="950" ind1=" " ind2=" ">
      <subfield code="c">2024-09-11 10:49:46 US/Eastern</subfield>
      <subfield code="b">2021-07-12 14:45:43 US/Eastern</subfield>
      <subfield code="a">false</subfield>
    </datafield>
    <datafield tag="951" ind1=" " ind2=" ">
      <subfield code="v">2023-02-09 09:53:03 US/Eastern</subfield>
      <subfield code="u">System</subfield>
      <subfield code="t">2021-07-20 16:50:09 US/Eastern</subfield>
      <subfield code="x">https://na05.alma.exlibrisgroup.com/view/uresolver/01PRI_INST/openurl?u.ignore_date_coverage=true&amp;portfolio_pid=53858472630006421&amp;Force_direct=true</subfield>
      <subfield code="s">P2E_JOB</subfield>
      <subfield code="0">53858472630006421</subfield>
      <subfield code="w">2021-07-20 20:50:09</subfield>
      <subfield code="f">true</subfield>
      <subfield code="m">61961837790006421</subfield>
      <subfield code="n">Newsbank America's Historical Imprints</subfield>
      <subfield code="b">static</subfield>
      <subfield code="1">62961837780006421</subfield>
      <subfield code="c">d?u.ignore_date_coverage=true&amp;rft.mms_id=9948784633506421</subfield>
      <subfield code="a">Available</subfield>
      <subfield code="e">BOOK</subfield>
      <subfield code="8">53858472630006421</subfield>
    </datafield>
  </record>