
  <record>
    <leader>01808cam a2200385 a 4500</leader>
    <controlfield tag="005">20240711071115.0</controlfield>
    <controlfield tag="008">060714s2006    gw       b    100 0 eng  </controlfield>
    <controlfield tag="001">9947988513506421</controlfield>
    <datafield tag="010" ind1=" " ind2=" ">
      <subfield code="a">  2006040839</subfield>
    </datafield>
    <datafield tag="020" ind1=" " ind2=" ">
      <subfield code="a">3631542607</subfield>
    </datafield>
    <datafield tag="020" ind1=" " ind2=" ">
      <subfield code="a">0820477575 (US)</subfield>
    </datafield>
    <datafield tag="035" ind1=" " ind2=" ">
      <subfield code="a">(GyWOH)har050148889</subfield>
    </datafield>
    <datafield tag="035" ind1=" " ind2=" ">
      <subfield code="a">(NjP)4798851-princetondb</subfield>
    </datafield>
    <datafield tag="035" ind1=" " ind2=" ">
      <subfield code="z">(NjP)Voyager4798851</subfield>
    </datafield>
    <datafield tag="035" ind1=" " ind2=" ">
      <subfield code="a">(OCoLC)ocm63473008</subfield>
    </datafield>
    <datafield tag="040" ind1=" " ind2=" ">
      <subfield code="a">DLC</subfield>
      <subfield code="b">eng</subfield>
      <subfield code="c">DLC</subfield>
      <subfield code="d">BAKER</subfield>
      <subfield code="d">OHX</subfield>
    </datafield>
    <datafield tag="042" ind1=" " ind2=" ">
      <subfield code="a">pcc</subfield>
    </datafield>
    <datafield tag="050" ind1="0" ind2="0">
      <subfield code="a">B67</subfield>
      <subfield code="b">.I58 2004</subfield>
    </datafield>
    <datafield tag="082" ind1="0" ind2="0">
      <subfield code="a">501</subfield>
      <subfield code="2">22</subfield>
    </datafield>
    <datafield tag="111" ind1="2" ind2=" ">
      <subfield code="a">Internordic Philosophy Symposium</subfield>
      <subfield code="n">(15th :</subfield>
      <subfield code="d">2004 :</subfield>
      <subfield code="c">Helsinki, Finland)</subfield>
    </datafield>
    <datafield tag="245" ind1="1" ind2="0">
      <subfield code="a">Science :</subfield>
      <subfield code="b">a challenge to philosophy? /</subfield>
      <subfield code="c">Heikki J. Koskinen, Sami Pihlström, Risto Vilkko, (eds.).</subfield>
    </datafield>
    <datafield tag="260" ind1=" " ind2=" ">
      <subfield code="a">Frankfurt am Main ;</subfield>
      <subfield code="a">New York :</subfield>
      <subfield code="b">P. Lang,</subfield>
      <subfield code="c">c2006.</subfield>
    </datafield>
    <datafield tag="300" ind1=" " ind2=" ">
      <subfield code="a">339 p. ;</subfield>
      <subfield code="c">21cm.</subfield>
    </datafield>
    <datafield tag="490" ind1="1" ind2=" ">
      <subfield code="a">Nordeuropäische Beiträge aus den Human- und Gesellschaftswissenschaften ;</subfield>
      <subfield code="v">Bd. 27 =</subfield>
      <subfield code="a">Scandinavian university studies in the humanities and social sciences ;</subfield>
      <subfield code="v">v. 27</subfield>
    </datafield>
    <datafield tag="504" ind1=" " ind2=" ">
      <subfield code="a">Includes bibliographical references.</subfield>
    </datafield>
    <datafield tag="650" ind1=" " ind2="0">
      <subfield code="a">Philosophy and science</subfield>
      <subfield code="v">Congresses.</subfield>
      <subfield code="0">http://id.loc.gov/authorities/subjects/sh2010106085</subfield>
    </datafield>
    <datafield tag="650" ind1=" " ind2="0">
      <subfield code="a">Science</subfield>
      <subfield code="x">Philosophy</subfield>
      <subfield code="v">Congresses.</subfield>
      <subfield code="0">http://id.loc.gov/authorities/subjects/sh2008111300</subfield>
    </datafield>
    <datafield tag="700" ind1="1" ind2=" ">
      <subfield code="a">Koskinen, Heikki J.</subfield>
      <subfield code="0">http://id.loc.gov/authorities/names/nb2002034923</subfield>
    </datafield>
    <datafield tag="700" ind1="1" ind2=" ">
      <subfield code="a">Pihlström, Sami.</subfield>
      <subfield code="0">http://id.loc.gov/authorities/names/n96091299</subfield>
    </datafield>
    <datafield tag="700" ind1="1" ind2=" ">
      <subfield code="a">Vilkko, Risto.</subfield>
      <subfield code="0">http://id.loc.gov/authorities/names/n2002112513</subfield>
    </datafield>
    <datafield tag="830" ind1=" " ind2="0">
      <subfield code="a">Nordeuropäische Beiträge aus den Human- und Gesellschaftswissenschaften ;</subfield>
      <subfield code="v">Bd. 27.</subfield>
    </datafield>
    <datafield tag="902" ind1=" " ind2=" ">
      <subfield code="a">lm</subfield>
      <subfield code="b">l</subfield>
      <subfield code="6">a</subfield>
      <subfield code="7">m</subfield>
      <subfield code="d">v</subfield>
      <subfield code="f">1</subfield>
      <subfield code="e">20060807</subfield>
    </datafield>
    <datafield tag="904" ind1=" " ind2=" ">
      <subfield code="a">lm</subfield>
      <subfield code="b">a</subfield>
      <subfield code="h">m</subfield>
      <subfield code="c">b</subfield>
      <subfield code="e">20060807</subfield>
    </datafield>
    <datafield tag="914" ind1=" " ind2=" ">
      <subfield code="a">(OCoLC)ocm63473008</subfield>
      <subfield code="b">OCoLC</subfield>
      <subfield code="c">match</subfield>
      <subfield code="d">20240703</subfield>
      <subfield code="e">processed</subfield>
      <subfield code="f">63473008</subfield>
    </datafield>
    <datafield tag="999" ind1=" " ind2=" ">
      <subfield code="a">4798851</subfield>
    </datafield>
    <datafield tag="950" ind1=" " ind2=" ">
      <subfield code="c">2024-07-11 07:11:16 US/Eastern</subfield>
      <subfield code="b">2021-07-13 04:40:34 US/Eastern</subfield>
      <subfield code="a">false</subfield>
    </datafield>
    <datafield tag="852" ind1="0" ind2=" ">
      <subfield code="b">recap</subfield>
      <subfield code="c">pa</subfield>
      <subfield code="h">B67</subfield>
      <subfield code="i">.I58 2004</subfield>
      <subfield code="8">22700203390006421</subfield>
    </datafield>
    <datafield tag="952" ind1=" " ind2=" ">
      <subfield code="a">2021-07-13 08:40:34</subfield>
      <subfield code="8">22700203390006421</subfield>
      <subfield code="b">ReCAP</subfield>
      <subfield code="c">rcppa: RECAP</subfield>
      <subfield code="e">false</subfield>
    </datafield>
    <datafield tag="876" ind1=" " ind2=" ">
      <subfield code="0">22700203390006421</subfield>
      <subfield code="a">23700203380006421</subfield>
      <subfield code="j">1</subfield>
      <subfield code="z">pa</subfield>
      <subfield code="d">2006-08-06 20:00:00 US/Eastern</subfield>
      <subfield code="p">32101104553142</subfield>
      <subfield code="t">1</subfield>
      <subfield code="y">recap</subfield>
    </datafield>
  </record>