
  <record>
    <leader>01955cam a2200385 a 4500</leader>
    <controlfield tag="005">20240718041510.0</controlfield>
    <controlfield tag="008">050317s2005    ncua     b    001 0 eng  </controlfield>
    <controlfield tag="001">9945458963506421</controlfield>
    <datafield tag="010" ind1=" " ind2=" ">
      <subfield code="a">  2005007320</subfield>
    </datafield>
    <datafield tag="015" ind1=" " ind2=" ">
      <subfield code="a">GBA523391</subfield>
      <subfield code="2">bnb</subfield>
    </datafield>
    <datafield tag="016" ind1="7" ind2=" ">
      <subfield code="a">013136044</subfield>
      <subfield code="2">Uk</subfield>
    </datafield>
    <datafield tag="020" ind1=" " ind2=" ">
      <subfield code="a">078642138X (softcover : alk. paper)</subfield>
    </datafield>
    <datafield tag="035" ind1=" " ind2=" ">
      <subfield code="a">(DLC) 2005007320</subfield>
    </datafield>
    <datafield tag="035" ind1=" " ind2=" ">
      <subfield code="a">(NjP)4545896-princetondb</subfield>
    </datafield>
    <datafield tag="035" ind1=" " ind2=" ">
      <subfield code="z">(NjP)Voyager4545896</subfield>
    </datafield>
    <datafield tag="035" ind1=" " ind2=" ">
      <subfield code="a">(OCoLC)ocm58554939</subfield>
    </datafield>
    <datafield tag="040" ind1=" " ind2=" ">
      <subfield code="a">DLC</subfield>
      <subfield code="b">eng</subfield>
      <subfield code="c">DLC</subfield>
      <subfield code="d">YDX</subfield>
      <subfield code="d">UKM</subfield>
      <subfield code="d">IXA</subfield>
      <subfield code="d">NjP</subfield>
    </datafield>
    <datafield tag="043" ind1=" " ind2=" ">
      <subfield code="a">n-us---</subfield>
      <subfield code="a">e-fr---</subfield>
    </datafield>
    <datafield tag="050" ind1="0" ind2="0">
      <subfield code="a">D639.W7</subfield>
      <subfield code="b">G55 2005</subfield>
    </datafield>
    <datafield tag="082" ind1="0" ind2="0">
      <subfield code="a">940.4/6/086540973</subfield>
      <subfield code="2">22</subfield>
    </datafield>
    <datafield tag="100" ind1="1" ind2=" ">
      <subfield code="a">Graham, John W.,</subfield>
      <subfield code="d">1961-</subfield>
      <subfield code="0">http://id.loc.gov/authorities/names/n99020187</subfield>
    </datafield>
    <datafield tag="245" ind1="1" ind2="4">
      <subfield code="a">The Gold Star Mother pilgrimages of the 1930s :</subfield>
      <subfield code="b">overseas grave visitations by mothers and widows of fallen U.S. World War I soldiers /</subfield>
      <subfield code="c">John W. Graham.</subfield>
    </datafield>
    <datafield tag="260" ind1=" " ind2=" ">
      <subfield code="a">Jefferson, N.C. :</subfield>
      <subfield code="b">McFarland &amp; Co.,</subfield>
      <subfield code="c">c2005.</subfield>
    </datafield>
    <datafield tag="300" ind1=" " ind2=" ">
      <subfield code="a">ix, 229 p. :</subfield>
      <subfield code="b">ill. ;</subfield>
      <subfield code="c">23 cm.</subfield>
    </datafield>
    <datafield tag="504" ind1=" " ind2=" ">
      <subfield code="a">Includes bibliographical references (p. 207-221) and index.</subfield>
    </datafield>
    <datafield tag="505" ind1="0" ind2=" ">
      <subfield code="a">What were the Gold Star pilgrimages -- The Great War -- Pilgrimage legislation: a decade in the making -- Do-it-yourself pilgrimages -- The Quartermaster Corps in peace and war -- Black stars and gold -- Pilgrim profile: Louise and Grace Ziegler -- Party A -- The pilgrimage experience.</subfield>
    </datafield>
    <datafield tag="650" ind1=" " ind2="0">
      <subfield code="a">World War, 1914-1918</subfield>
      <subfield code="x">Women</subfield>
      <subfield code="z">United States.</subfield>
      <subfield code="0">http://id.loc.gov/authorities/subjects/sh2010118957</subfield>
    </datafield>
    <datafield tag="650" ind1=" " ind2="0">
      <subfield code="a">World War, 1914-1918</subfield>
      <subfield code="x">Psychological aspects.</subfield>
      <subfield code="0">http://id.loc.gov/authorities/subjects/sh2010118164</subfield>
    </datafield>
    <datafield tag="650" ind1=" " ind2="0">
      <subfield code="a">Mothers of war casualties</subfield>
      <subfield code="x">Travel</subfield>
      <subfield code="z">France.</subfield>
    </datafield>
    <datafield tag="650" ind1=" " ind2="0">
      <subfield code="a">Grief.</subfield>
      <subfield code="0">http://id.loc.gov/authorities/subjects/sh85057330</subfield>
    </datafield>
    <datafield tag="902" ind1=" " ind2=" ">
      <subfield code="a">df</subfield>
      <subfield code="b">l</subfield>
      <subfield code="6">a</subfield>
      <subfield code="7">m</subfield>
      <subfield code="d">v</subfield>
      <subfield code="f">1</subfield>
      <subfield code="e">20050708</subfield>
    </datafield>
    <datafield tag="904" ind1=" " ind2=" ">
      <subfield code="a">cag</subfield>
      <subfield code="b">a</subfield>
      <subfield code="h">m</subfield>
      <subfield code="c">b</subfield>
      <subfield code="e">20050706</subfield>
    </datafield>
    <datafield tag="914" ind1=" " ind2=" ">
      <subfield code="a">(OCoLC)ocm58554939</subfield>
      <subfield code="b">OCoLC</subfield>
      <subfield code="c">match</subfield>
      <subfield code="d">20240717</subfield>
      <subfield code="e">processed</subfield>
      <subfield code="f">58554939</subfield>
    </datafield>
    <datafield tag="956" ind1="4" ind2="1">
      <subfield code="3">Table of contents</subfield>
      <subfield code="u">http://www.loc.gov/catdir/toc/ecip059/2005007320.html</subfield>
    </datafield>
    <datafield tag="999" ind1=" " ind2=" ">
      <subfield code="a">4545896</subfield>
    </datafield>
    <datafield tag="950" ind1=" " ind2=" ">
      <subfield code="c">2024-07-18 04:15:10 US/Eastern</subfield>
      <subfield code="b">2021-07-12 12:41:24 US/Eastern</subfield>
      <subfield code="a">false</subfield>
    </datafield>
    <datafield tag="852" ind1="0" ind2=" ">
      <subfield code="b">firestone</subfield>
      <subfield code="c">stacks</subfield>
      <subfield code="h">D639.W7</subfield>
      <subfield code="i">G55 2005</subfield>
      <subfield code="8">22526915210006421</subfield>
    </datafield>
    <datafield tag="952" ind1=" " ind2=" ">
      <subfield code="a">2021-07-12 16:41:24</subfield>
      <subfield code="8">22526915210006421</subfield>
      <subfield code="b">Firestone Library</subfield>
      <subfield code="c">stacks: Firestone Library</subfield>
      <subfield code="e">false</subfield>
    </datafield>
    <datafield tag="876" ind1=" " ind2=" ">
      <subfield code="0">22526915210006421</subfield>
      <subfield code="a">23526915200006421</subfield>
      <subfield code="j">1</subfield>
      <subfield code="z">stacks</subfield>
      <subfield code="d">2005-07-05 20:00:00 US/Eastern</subfield>
      <subfield code="p">32101057811729</subfield>
      <subfield code="t">1</subfield>
      <subfield code="y">firestone</subfield>
    </datafield>
  </record>