
  <record>
    <leader>01895cam a22004094a 4500</leader>
    <controlfield tag="005">20240718060521.0</controlfield>
    <controlfield tag="008">030625s2002    mr a     b    100 0 eng  </controlfield>
    <controlfield tag="001">9940967803506421</controlfield>
    <datafield tag="010" ind1=" " ind2=" ">
      <subfield code="a">  2003348625</subfield>
    </datafield>
    <datafield tag="020" ind1=" " ind2=" ">
      <subfield code="a">9981590649</subfield>
    </datafield>
    <datafield tag="035" ind1=" " ind2=" ">
      <subfield code="a">(CStRLIN)DCLC2003348625-B</subfield>
    </datafield>
    <datafield tag="035" ind1=" " ind2=" ">
      <subfield code="a">(NjP)4096780-princetondb</subfield>
    </datafield>
    <datafield tag="035" ind1=" " ind2=" ">
      <subfield code="z">(NjP)Voyager4096780</subfield>
    </datafield>
    <datafield tag="035" ind1=" " ind2=" ">
      <subfield code="a">(OCoLC)ocm53059214</subfield>
    </datafield>
    <datafield tag="040" ind1=" " ind2=" ">
      <subfield code="a">DLC</subfield>
      <subfield code="b">eng</subfield>
      <subfield code="c">DLC</subfield>
    </datafield>
    <datafield tag="041" ind1="0" ind2=" ">
      <subfield code="a">eng</subfield>
      <subfield code="a">ara</subfield>
      <subfield code="a">fre</subfield>
    </datafield>
    <datafield tag="041" ind1=" " ind2="7">
      <subfield code="a">ara</subfield>
      <subfield code="a">eng</subfield>
      <subfield code="a">fra</subfield>
      <subfield code="2">iso639-3</subfield>
    </datafield>
    <datafield tag="042" ind1=" " ind2=" ">
      <subfield code="a">lcode</subfield>
      <subfield code="a">pcc</subfield>
    </datafield>
    <datafield tag="043" ind1=" " ind2=" ">
      <subfield code="a">f------</subfield>
      <subfield code="a">a------</subfield>
    </datafield>
    <datafield tag="050" ind1="0" ind2="0">
      <subfield code="a">Q101</subfield>
      <subfield code="b">.S38 2002</subfield>
    </datafield>
    <datafield tag="245" ind1="0" ind2="0">
      <subfield code="a">Science :</subfield>
      <subfield code="b">locality &amp; universality /</subfield>
      <subfield code="c">edited by Bennacer El Bouazzati.</subfield>
    </datafield>
    <datafield tag="246" ind1="1" ind2="5">
      <subfield code="a">ʻIlm :</subfield>
      <subfield code="b">al-maḥallīyah wa-al-kawnīyah</subfield>
    </datafield>
    <datafield tag="250" ind1=" " ind2=" ">
      <subfield code="a">1st ed.</subfield>
    </datafield>
    <datafield tag="260" ind1=" " ind2=" ">
      <subfield code="a">Rabat :</subfield>
      <subfield code="b">Faculty of Letters and Human Sciences,</subfield>
      <subfield code="c">2002.</subfield>
    </datafield>
    <datafield tag="300" ind1=" " ind2=" ">
      <subfield code="a">153, 147 p. :</subfield>
      <subfield code="b">ill. ;</subfield>
      <subfield code="c">24 cm.</subfield>
    </datafield>
    <datafield tag="490" ind1="1" ind2=" ">
      <subfield code="a">Publications of the Faculty of Letters and Human Sciences-Rabat.</subfield>
      <subfield code="a">Series Conferences and colloquia,</subfield>
      <subfield code="x">1113-0377 ;</subfield>
      <subfield code="v">no. 98</subfield>
    </datafield>
    <datafield tag="546" ind1=" " ind2=" ">
      <subfield code="a">In English, Arabic, and French.</subfield>
    </datafield>
    <datafield tag="504" ind1=" " ind2=" ">
      <subfield code="a">Includes bibliographical references.</subfield>
    </datafield>
    <datafield tag="650" ind1=" " ind2="0">
      <subfield code="a">Science</subfield>
      <subfield code="v">Congresses.</subfield>
      <subfield code="0">http://id.loc.gov/authorities/subjects/sh2008111298</subfield>
    </datafield>
    <datafield tag="650" ind1=" " ind2="0">
      <subfield code="a">Science</subfield>
      <subfield code="x">Philosophy</subfield>
      <subfield code="v">Congresses.</subfield>
      <subfield code="0">http://id.loc.gov/authorities/subjects/sh2008111300</subfield>
    </datafield>
    <datafield tag="650" ind1=" " ind2="0">
      <subfield code="a">Science</subfield>
      <subfield code="z">Islamic countries</subfield>
      <subfield code="v">Congresses.</subfield>
    </datafield>
    <datafield tag="700" ind1="1" ind2=" ">
      <subfield code="a">Buʻazzātī, Bin-Nāṣir.</subfield>
      <subfield code="0">http://id.loc.gov/authorities/names/n2003065171</subfield>
    </datafield>
    <datafield tag="830" ind1=" " ind2="0">
      <subfield code="a">Manshūrāt Kullīyat al-Ādāb wa-al-ʻUlūm al-Insānīyah bi-al-Rabāṭ.</subfield>
      <subfield code="p">Silsilat nadawāt wa-munāẓarāt ;</subfield>
      <subfield code="v">raqm 98.</subfield>
    </datafield>
    <datafield tag="902" ind1=" " ind2=" ">
      <subfield code="a">st25</subfield>
      <subfield code="b">l</subfield>
      <subfield code="6">a</subfield>
      <subfield code="7">m</subfield>
      <subfield code="d">v</subfield>
      <subfield code="f">1</subfield>
      <subfield code="e">20060816</subfield>
    </datafield>
    <datafield tag="904" ind1=" " ind2=" ">
      <subfield code="a">st8</subfield>
      <subfield code="b">a</subfield>
      <subfield code="h">m</subfield>
      <subfield code="c">b</subfield>
      <subfield code="e">20040121</subfield>
    </datafield>
    <datafield tag="914" ind1=" " ind2=" ">
      <subfield code="a">(OCoLC)ocm53059214</subfield>
      <subfield code="b">OCoLC</subfield>
      <subfield code="c">match</subfield>
      <subfield code="d">20240717</subfield>
      <subfield code="e">processed</subfield>
      <subfield code="f">53059214</subfield>
    </datafield>
    <datafield tag="999" ind1=" " ind2=" ">
      <subfield code="a">4096780</subfield>
    </datafield>
    <datafield tag="950" ind1=" " ind2=" ">
      <subfield code="c">2024-07-18 06:05:21 US/Eastern</subfield>
      <subfield code="b">2021-07-12 18:16:26 US/Eastern</subfield>
      <subfield code="a">false</subfield>
    </datafield>
    <datafield tag="852" ind1="0" ind2=" ">
      <subfield code="b">firestone</subfield>
      <subfield code="c">stacks</subfield>
      <subfield code="h">Q101</subfield>
      <subfield code="i">.S38 2002</subfield>
      <subfield code="8">22587757410006421</subfield>
    </datafield>
    <datafield tag="952" ind1=" " ind2=" ">
      <subfield code="a">2021-07-12 22:16:26</subfield>
      <subfield code="8">22587757410006421</subfield>
      <subfield code="b">Firestone Library</subfield>
      <subfield code="c">stacks: Firestone Library</subfield>
      <subfield code="e">false</subfield>
    </datafield>
    <datafield tag="876" ind1=" " ind2=" ">
      <subfield code="0">22587757410006421</subfield>
      <subfield code="a">23587757400006421</subfield>
      <subfield code="j">1</subfield>
      <subfield code="z">stacks</subfield>
      <subfield code="d">2004-01-20 19:00:00 US/Eastern</subfield>
      <subfield code="p">32101049221763</subfield>
      <subfield code="t">1</subfield>
      <subfield code="y">firestone</subfield>
    </datafield>
  </record>