
  <record>
    <leader>02292pam a2200349 a 4500</leader>
    <controlfield tag="005">20240711082417.0</controlfield>
    <controlfield tag="008">021025s2003    njua     b   s001 0deng  </controlfield>
    <controlfield tag="001">9939318633506421</controlfield>
    <datafield tag="010" ind1=" " ind2=" ">
      <subfield code="a">  2002152304</subfield>
    </datafield>
    <datafield tag="020" ind1=" " ind2=" ">
      <subfield code="a">0813532906 (alk. paper)</subfield>
    </datafield>
    <datafield tag="035" ind1=" " ind2=" ">
      <subfield code="a">(DLC) 2002152304</subfield>
    </datafield>
    <datafield tag="035" ind1=" " ind2=" ">
      <subfield code="a">(NjP)3931863-princetondb</subfield>
    </datafield>
    <datafield tag="035" ind1=" " ind2=" ">
      <subfield code="z">(NjP)Voyager3931863</subfield>
    </datafield>
    <datafield tag="035" ind1=" " ind2=" ">
      <subfield code="a">(OCoLC)ocm50919856</subfield>
    </datafield>
    <datafield tag="040" ind1=" " ind2=" ">
      <subfield code="a">DLC</subfield>
      <subfield code="b">eng</subfield>
      <subfield code="c">DLC</subfield>
      <subfield code="d">OrLoB</subfield>
    </datafield>
    <datafield tag="043" ind1=" " ind2=" ">
      <subfield code="a">n-us-nj</subfield>
    </datafield>
    <datafield tag="050" ind1="0" ind2="0">
      <subfield code="a">PS253.N5</subfield>
      <subfield code="b">B76 2003</subfield>
    </datafield>
    <datafield tag="082" ind1="0" ind2="0">
      <subfield code="a">810.9/9749</subfield>
      <subfield code="2">21</subfield>
    </datafield>
    <datafield tag="100" ind1="1" ind2=" ">
      <subfield code="a">Broderick, James F.,</subfield>
      <subfield code="d">1963-</subfield>
      <subfield code="0">http://id.loc.gov/authorities/names/n2002045817</subfield>
    </datafield>
    <datafield tag="245" ind1="1" ind2="0">
      <subfield code="a">Paging New Jersey :</subfield>
      <subfield code="b">a literary guide to the Garden State /</subfield>
      <subfield code="c">James F. Broderick.</subfield>
    </datafield>
    <datafield tag="260" ind1=" " ind2=" ">
      <subfield code="a">New Brunswick, N.J. ;</subfield>
      <subfield code="a">London :</subfield>
      <subfield code="b">Rutgers University Press,</subfield>
      <subfield code="c">c2003.</subfield>
    </datafield>
    <datafield tag="300" ind1=" " ind2=" ">
      <subfield code="a">vi, 217 p. :</subfield>
      <subfield code="b">ill. ;</subfield>
      <subfield code="c">24 cm.</subfield>
    </datafield>
    <datafield tag="504" ind1=" " ind2=" ">
      <subfield code="a">Includes bibliographical references and index.</subfield>
    </datafield>
    <datafield tag="505" ind1="0" ind2=" ">
      <subfield code="a">Philip Freneau -- James Fenimore Cooper -- Mary Griffith -- Walt Whitman -- Mary Mapes Dodge -- Thomas Nast -- Mary Wilkins Freeman -- Stephen Crane -- Albert Payson Terhune -- William Carlos Williams -- Joyce Kilmer -- Allen Ginsberg -- Mary Higgins Clark -- Peter Benchley -- Toni Morrison -- Amiri Baraka -- Joyce Carol Oates -- Anna Quindlen -- Cheaper by the dozen -- Goodbye, Columbus -- The Pine Barrens -- Eddie and the Cruisers -- Jersey luck -- Rosamund's vision -- Laying down the law -- One for the money -- Our guys -- Lost legends of New Jersey -- Searching for Captain Kidd's treasure -- Burr, Hamilton, and the duel in Weehawken -- The Lindbergh baby kidnapping -- The Hindenburg disaster -- The trials of Rubin "Hurricane" Carter -- Mobbed in New Jersey -- On the (paper) trail of the New Jersey Devil -- Dodge Poetry Festival -- The New Jersey Literary Hall of Fame -- Stages of greatness -- Reaching critical mass in the Garden State -- Stoned in New Jersey.</subfield>
    </datafield>
    <datafield tag="650" ind1=" " ind2="0">
      <subfield code="a">American literature</subfield>
      <subfield code="z">New Jersey</subfield>
      <subfield code="x">History and criticism.</subfield>
    </datafield>
    <datafield tag="650" ind1=" " ind2="0">
      <subfield code="a">Authors, American</subfield>
      <subfield code="x">Homes and haunts</subfield>
      <subfield code="z">New Jersey.</subfield>
    </datafield>
    <datafield tag="650" ind1=" " ind2="0">
      <subfield code="a">Literary landmarks</subfield>
      <subfield code="z">New Jersey.</subfield>
    </datafield>
    <datafield tag="651" ind1=" " ind2="0">
      <subfield code="a">New Jersey</subfield>
      <subfield code="x">Intellectual life.</subfield>
    </datafield>
    <datafield tag="651" ind1=" " ind2="0">
      <subfield code="a">New Jersey</subfield>
      <subfield code="x">In literature.</subfield>
    </datafield>
    <datafield tag="902" ind1=" " ind2=" ">
      <subfield code="a">cag</subfield>
      <subfield code="b">s</subfield>
      <subfield code="6">a</subfield>
      <subfield code="7">m</subfield>
      <subfield code="d">v</subfield>
      <subfield code="f">1</subfield>
      <subfield code="e">20030724</subfield>
    </datafield>
    <datafield tag="904" ind1=" " ind2=" ">
      <subfield code="a">cag</subfield>
      <subfield code="b">a</subfield>
      <subfield code="h">m</subfield>
      <subfield code="c">b</subfield>
      <subfield code="e">20030724</subfield>
    </datafield>
    <datafield tag="914" ind1=" " ind2=" ">
      <subfield code="a">(OCoLC)ocm50919856</subfield>
      <subfield code="b">OCoLC</subfield>
      <subfield code="c">match</subfield>
      <subfield code="d">20240703</subfield>
      <subfield code="e">processed</subfield>
      <subfield code="f">50919856</subfield>
    </datafield>
    <datafield tag="950" ind1=" " ind2=" ">
      <subfield code="c">2024-07-12 04:40:11 US/Eastern</subfield>
      <subfield code="b">2021-07-13 04:11:34 US/Eastern</subfield>
      <subfield code="a">false</subfield>
    </datafield>
    <datafield tag="852" ind1="0" ind2=" ">
      <subfield code="b">firestone</subfield>
      <subfield code="c">stacks</subfield>
      <subfield code="h">PS253.N5</subfield>
      <subfield code="i">B76 2003</subfield>
      <subfield code="8">22694866990006421</subfield>
    </datafield>
    <datafield tag="952" ind1=" " ind2=" ">
      <subfield code="a">2021-07-13 08:11:34</subfield>
      <subfield code="8">22694866990006421</subfield>
      <subfield code="b">Firestone Library</subfield>
      <subfield code="c">stacks: Firestone Library</subfield>
      <subfield code="e">false</subfield>
    </datafield>
    <datafield tag="876" ind1=" " ind2=" ">
      <subfield code="0">22694866990006421</subfield>
      <subfield code="a">23694866980006421</subfield>
      <subfield code="j">1</subfield>
      <subfield code="z">stacks</subfield>
      <subfield code="d">2003-07-23 20:00:00 US/Eastern</subfield>
      <subfield code="p">32101048124034</subfield>
      <subfield code="t">1</subfield>
      <subfield code="y">firestone</subfield>
    </datafield>
  </record>