
  <record>
    <leader>01687cam a2200421   4500</leader>
    <controlfield tag="005">20240910140454.0</controlfield>
    <controlfield tag="008">020925r1914uuuunyu           000 0 eng  </controlfield>
    <controlfield tag="001">9937474323506421</controlfield>
    <datafield tag="010" ind1=" " ind2=" ">
      <subfield code="a">   14018369  </subfield>
    </datafield>
    <datafield tag="019" ind1=" " ind2=" ">
      <subfield code="a">6393207</subfield>
      <subfield code="a">14231967</subfield>
      <subfield code="a">23443090</subfield>
    </datafield>
    <datafield tag="035" ind1=" " ind2=" ">
      <subfield code="9">CDZ0183TS</subfield>
    </datafield>
    <datafield tag="035" ind1=" " ind2=" ">
      <subfield code="a">(NjP)3747432-princetondb</subfield>
    </datafield>
    <datafield tag="035" ind1=" " ind2=" ">
      <subfield code="z">(OCoLC)6393207</subfield>
      <subfield code="z">(OCoLC)14231967</subfield>
      <subfield code="z">(OCoLC)23443090</subfield>
    </datafield>
    <datafield tag="035" ind1=" " ind2=" ">
      <subfield code="a">(OCoLC)ocm00284968</subfield>
    </datafield>
    <datafield tag="035" ind1=" " ind2=" ">
      <subfield code="z">(NjP)Voyager3747432</subfield>
    </datafield>
    <datafield tag="035" ind1=" " ind2=" ">
      <subfield code="z">(NjP)Voyager3747432</subfield>
    </datafield>
    <datafield tag="040" ind1=" " ind2=" ">
      <subfield code="a">DLC</subfield>
      <subfield code="b">eng</subfield>
      <subfield code="c">WSU</subfield>
      <subfield code="d">SER</subfield>
      <subfield code="d">OCL</subfield>
      <subfield code="d">KSU</subfield>
      <subfield code="d">OCL</subfield>
      <subfield code="d">ZNM</subfield>
      <subfield code="d">PUL</subfield>
    </datafield>
    <datafield tag="050" ind1="0" ind2=" ">
      <subfield code="a">PS3521.I38</subfield>
      <subfield code="b">T7 1914</subfield>
    </datafield>
    <datafield tag="092" ind1=" " ind2=" ">
      <subfield code="a">811.52</subfield>
      <subfield code="b">Kilm</subfield>
    </datafield>
    <datafield tag="100" ind1="1" ind2=" ">
      <subfield code="a">Kilmer, Joyce,</subfield>
      <subfield code="d">1886-1918.</subfield>
      <subfield code="0">http://id.loc.gov/authorities/names/n50046153</subfield>
    </datafield>
    <datafield tag="245" ind1="1" ind2="0">
      <subfield code="a">Trees and other poems :</subfield>
      <subfield code="k">[proof sheets] /</subfield>
      <subfield code="c">by Joyce Kilmer.</subfield>
    </datafield>
    <datafield tag="260" ind1=" " ind2=" ">
      <subfield code="a">New York :</subfield>
      <subfield code="b">George H. Doran Company,</subfield>
      <subfield code="c">[c1914]</subfield>
    </datafield>
    <datafield tag="300" ind1=" " ind2=" ">
      <subfield code="a">[6], 9-65 leaves ;</subfield>
      <subfield code="c">20-25 cm.</subfield>
    </datafield>
    <datafield tag="500" ind1=" " ind2=" ">
      <subfield code="a">Reprinted from various periodicals.</subfield>
    </datafield>
    <datafield tag="500" ind1=" " ind2=" ">
      <subfield code="a">Original proof sheets. Cf. Behrman.</subfield>
    </datafield>
    <datafield tag="510" ind1="4" ind2=" ">
      <subfield code="a">Behrman Coll. of Amer. Lit.,</subfield>
      <subfield code="c">p. 132.</subfield>
    </datafield>
    <datafield tag="541" ind1=" " ind2=" ">
      <subfield code="c">Gift;</subfield>
      <subfield code="a">Howard T. Behrman,</subfield>
      <subfield code="d">1986.</subfield>
    </datafield>
    <datafield tag="563" ind1=" " ind2=" ">
      <subfield code="a">Loose sheets, untrimmed; in slipcase.</subfield>
      <subfield code="5">NjP</subfield>
    </datafield>
    <datafield tag="650" ind1=" " ind2="0">
      <subfield code="a">Poetry.</subfield>
      <subfield code="0">http://id.loc.gov/authorities/subjects/sh85103704</subfield>
    </datafield>
    <datafield tag="650" ind1=" " ind2="0">
      <subfield code="a">Poetry, Modern</subfield>
      <subfield code="y">20th century.</subfield>
      <subfield code="0">http://id.loc.gov/authorities/subjects/sh85103727</subfield>
    </datafield>
    <datafield tag="650" ind1=" " ind2="0">
      <subfield code="a">American poetry.</subfield>
      <subfield code="0">http://id.loc.gov/authorities/subjects/sh85004382</subfield>
    </datafield>
    <datafield tag="650" ind1=" " ind2="0">
      <subfield code="a">Poetry</subfield>
      <subfield code="z">United States.</subfield>
    </datafield>
    <datafield tag="655" ind1=" " ind2="7">
      <subfield code="a">Proofs </subfield>
      <subfield code="2">rbmscv</subfield>
    </datafield>
    <datafield tag="700" ind1="1" ind2=" ">
      <subfield code="a">Behrman, Howard T.</subfield>
      <subfield code="q">(Howard Taft),</subfield>
      <subfield code="d">1912-</subfield>
      <subfield code="e">donor.</subfield>
      <subfield code="5">NjP</subfield>
    </datafield>
    <datafield tag="904" ind1=" " ind2=" ">
      <subfield code="a">pbe</subfield>
      <subfield code="b">g</subfield>
      <subfield code="h">m</subfield>
      <subfield code="c">b</subfield>
      <subfield code="e">20020925</subfield>
    </datafield>
    <datafield tag="911" ind1=" " ind2=" ">
      <subfield code="a">19991015</subfield>
    </datafield>
    <datafield tag="914" ind1=" " ind2=" ">
      <subfield code="a">(OCoLC)ocm00284968</subfield>
      <subfield code="b">OCoLC</subfield>
      <subfield code="c">field transfer</subfield>
      <subfield code="d">20221117</subfield>
      <subfield code="e">processed</subfield>
      <subfield code="f">284968</subfield>
    </datafield>
    <datafield tag="947" ind1=" " ind2=" ">
      <subfield code="a">CDZ0183</subfield>
    </datafield>
    <datafield tag="950" ind1=" " ind2=" ">
      <subfield code="c">2024-09-12 12:26:18 US/Eastern</subfield>
      <subfield code="b">2021-07-12 10:06:13 US/Eastern</subfield>
      <subfield code="a">false</subfield>
    </datafield>
    <datafield tag="852" ind1="8" ind2="0">
      <subfield code="b">rare</subfield>
      <subfield code="c">ex</subfield>
      <subfield code="h">Behrman American no. 129a</subfield>
      <subfield code="8">22499091360006421</subfield>
    </datafield>
    <datafield tag="952" ind1=" " ind2=" ">
      <subfield code="a">2021-07-12 14:06:13</subfield>
      <subfield code="8">22499091360006421</subfield>
      <subfield code="b">Special Collections</subfield>
      <subfield code="c">ex: Rare Books</subfield>
      <subfield code="e">false</subfield>
    </datafield>
    <datafield tag="876" ind1=" " ind2=" ">
      <subfield code="0">22499091360006421</subfield>
      <subfield code="a">23499091350006421</subfield>
      <subfield code="j">1</subfield>
      <subfield code="z">ex</subfield>
      <subfield code="d">2002-09-24 20:00:00 US/Eastern</subfield>
      <subfield code="t">1</subfield>
      <subfield code="y">rare</subfield>
    </datafield>
  </record>