
  <record>
    <leader>01267cam a2200325   4500</leader>
    <controlfield tag="005">20240812130614.0</controlfield>
    <controlfield tag="008">020925s1911    nyu           000 0 eng  </controlfield>
    <controlfield tag="001">9937474283506421</controlfield>
    <datafield tag="010" ind1=" " ind2=" ">
      <subfield code="a">   11024395</subfield>
    </datafield>
    <datafield tag="035" ind1=" " ind2=" ">
      <subfield code="9">CMC6342TS</subfield>
    </datafield>
    <datafield tag="035" ind1=" " ind2=" ">
      <subfield code="a">(NjP)3747428-princetondb</subfield>
    </datafield>
    <datafield tag="035" ind1=" " ind2=" ">
      <subfield code="a">(OCoLC)ocm01892831</subfield>
    </datafield>
    <datafield tag="035" ind1=" " ind2=" ">
      <subfield code="z">(NjP)Voyager3747428</subfield>
    </datafield>
    <datafield tag="035" ind1=" " ind2=" ">
      <subfield code="z">(NjP)Voyager3747428</subfield>
    </datafield>
    <datafield tag="040" ind1=" " ind2=" ">
      <subfield code="a">DLC</subfield>
      <subfield code="b">eng</subfield>
      <subfield code="c">IXA</subfield>
      <subfield code="d">PUL</subfield>
    </datafield>
    <datafield tag="050" ind1=" " ind2="4">
      <subfield code="a">PS3521.I38</subfield>
    </datafield>
    <datafield tag="100" ind1="1" ind2=" ">
      <subfield code="a">Kilmer, Joyce,</subfield>
      <subfield code="d">1886-1918.</subfield>
      <subfield code="0">http://id.loc.gov/authorities/names/n50046153</subfield>
    </datafield>
    <datafield tag="245" ind1="1" ind2="0">
      <subfield code="a">Summer of love /</subfield>
      <subfield code="b">by Joyce Kilmer.</subfield>
    </datafield>
    <datafield tag="260" ind1=" " ind2=" ">
      <subfield code="a">New York :</subfield>
      <subfield code="b">The Baker &amp; Taylor Company,</subfield>
      <subfield code="c">1911.</subfield>
    </datafield>
    <datafield tag="300" ind1=" " ind2=" ">
      <subfield code="a">[6], 92 p. ;</subfield>
      <subfield code="c">20 cm.</subfield>
    </datafield>
    <datafield tag="500" ind1=" " ind2=" ">
      <subfield code="a">Poems.</subfield>
    </datafield>
    <datafield tag="500" ind1=" " ind2=" ">
      <subfield code="a">Partly reprinted from various periodicals.</subfield>
    </datafield>
    <datafield tag="510" ind1="4" ind2=" ">
      <subfield code="a">Behrman Coll. of Amer. Lit.,</subfield>
      <subfield code="c">p. 131.</subfield>
    </datafield>
    <datafield tag="541" ind1=" " ind2=" ">
      <subfield code="c">Gift;</subfield>
      <subfield code="a">Howard T. Behrman,</subfield>
      <subfield code="d">1986.</subfield>
    </datafield>
    <datafield tag="561" ind1=" " ind2=" ">
      <subfield code="a">Bookplate of Adelaide Ellen Parker.</subfield>
      <subfield code="5">NjP</subfield>
    </datafield>
    <datafield tag="500" ind1=" " ind2=" ">
      <subfield code="3">Behrman copy b:</subfield>
      <subfield code="a">Binding: original gray-blue cloth, lettered in gilt. Second binding? Has imprint of Doubleday Page &amp; Co. at the foot of the spine.</subfield>
      <subfield code="5">NjP</subfield>
    </datafield>
    <datafield tag="700" ind1="1" ind2=" ">
      <subfield code="a">Behrman, Howard T.</subfield>
      <subfield code="q">(Howard Taft),</subfield>
      <subfield code="d">1912-</subfield>
      <subfield code="e">donor.</subfield>
      <subfield code="5">NjP</subfield>
    </datafield>
    <datafield tag="904" ind1=" " ind2=" ">
      <subfield code="a">pbe</subfield>
      <subfield code="b">g</subfield>
      <subfield code="h">m</subfield>
      <subfield code="c">b</subfield>
      <subfield code="e">20020923</subfield>
    </datafield>
    <datafield tag="911" ind1=" " ind2=" ">
      <subfield code="a">19991015</subfield>
    </datafield>
    <datafield tag="914" ind1=" " ind2=" ">
      <subfield code="a">(OCoLC)ocm01892831</subfield>
      <subfield code="b">OCoLC</subfield>
      <subfield code="c">match</subfield>
      <subfield code="d">20221117</subfield>
      <subfield code="e">processed</subfield>
      <subfield code="f">1892831</subfield>
    </datafield>
    <datafield tag="950" ind1=" " ind2=" ">
      <subfield code="c">2024-08-12 13:06:14 US/Eastern</subfield>
      <subfield code="b">2021-07-12 10:06:06 US/Eastern</subfield>
      <subfield code="a">false</subfield>
    </datafield>
    <datafield tag="852" ind1="8" ind2="0">
      <subfield code="b">rare</subfield>
      <subfield code="c">ex</subfield>
      <subfield code="h">Behrman American : Kilmer no. 1</subfield>
      <subfield code="8">22499045610006421</subfield>
    </datafield>
    <datafield tag="952" ind1=" " ind2=" ">
      <subfield code="a">2021-07-12 14:06:06</subfield>
      <subfield code="8">22499045610006421</subfield>
      <subfield code="b">Special Collections</subfield>
      <subfield code="c">ex: Rare Books</subfield>
      <subfield code="e">false</subfield>
    </datafield>
    <datafield tag="876" ind1=" " ind2=" ">
      <subfield code="0">22499045610006421</subfield>
      <subfield code="a">23499045580006421</subfield>
      <subfield code="j">1</subfield>
      <subfield code="z">ex</subfield>
      <subfield code="d">2002-09-24 20:00:00 US/Eastern</subfield>
      <subfield code="p">32101114834185</subfield>
      <subfield code="t">1</subfield>
      <subfield code="y">rare</subfield>
    </datafield>
  </record>