
  <record>
    <leader>00725cam a2200205 i 4500</leader>
    <controlfield tag="005">20200824133208.0</controlfield>
    <controlfield tag="008">771208s1841    nyu           000 0 eng d</controlfield>
    <controlfield tag="001">9929837723506421</controlfield>
    <datafield tag="035" ind1=" " ind2=" ">
      <subfield code="9">CPN1490TS</subfield>
    </datafield>
    <datafield tag="035" ind1=" " ind2=" ">
      <subfield code="a">(NjP)2983772-princetondb</subfield>
    </datafield>
    <datafield tag="035" ind1=" " ind2=" ">
      <subfield code="a">(OCoLC)ocm03473458</subfield>
    </datafield>
    <datafield tag="035" ind1=" " ind2=" ">
      <subfield code="z">(NjP)Voyager2983772</subfield>
    </datafield>
    <datafield tag="040" ind1=" " ind2=" ">
      <subfield code="a">TYC</subfield>
      <subfield code="b">eng</subfield>
      <subfield code="c">TYC</subfield>
      <subfield code="d">PUL</subfield>
    </datafield>
    <datafield tag="050" ind1=" " ind2="4">
      <subfield code="a">PS586</subfield>
    </datafield>
    <datafield tag="100" ind1="1" ind2=" ">
      <subfield code="a">Myers, P. Hamilton</subfield>
      <subfield code="q">(Peter Hamilton),</subfield>
      <subfield code="d">1812-1878.</subfield>
      <subfield code="0">http://id.loc.gov/authorities/names/n87149366</subfield>
    </datafield>
    <datafield tag="245" ind1="1" ind2="0">
      <subfield code="a">Science :</subfield>
      <subfield code="b">a poem delivered before the Euglossian Society of Geneva College, August 4, 1841 /</subfield>
      <subfield code="c">by P. Hamilton Myers.</subfield>
    </datafield>
    <datafield tag="260" ind1=" " ind2=" ">
      <subfield code="a">Geneva, N.Y. :</subfield>
      <subfield code="b">Printed by Stow &amp; Frazee,</subfield>
      <subfield code="c">1841.</subfield>
    </datafield>
    <datafield tag="300" ind1=" " ind2=" ">
      <subfield code="a">20 p. ;</subfield>
      <subfield code="c">24 cm.</subfield>
    </datafield>
    <datafield tag="911" ind1=" " ind2=" ">
      <subfield code="a">20000603</subfield>
    </datafield>
    <datafield tag="945" ind1=" " ind2=" ">
      <subfield code="a">EX</subfield>
      <subfield code="b">1</subfield>
      <subfield code="c">Nelson 363548</subfield>
    </datafield>
    <datafield tag="950" ind1=" " ind2=" ">
      <subfield code="c">2024-04-19 17:49:37 US/Eastern</subfield>
      <subfield code="b">2021-07-13 08:30:44 US/Eastern</subfield>
      <subfield code="a">false</subfield>
    </datafield>
    <datafield tag="852" ind1="0" ind2="0">
      <subfield code="b">rare</subfield>
      <subfield code="c">ex</subfield>
      <subfield code="h">F134.5</subfield>
      <subfield code="i">.N447q Box 21 Nelson no. 363548</subfield>
      <subfield code="k">Oversize</subfield>
      <subfield code="8">22741332880006421</subfield>
    </datafield>
    <datafield tag="952" ind1=" " ind2=" ">
      <subfield code="d">2023-07-14 12:44:14</subfield>
      <subfield code="8">22741332880006421</subfield>
      <subfield code="a">2021-07-13 12:30:44</subfield>
      <subfield code="b">Special Collections</subfield>
      <subfield code="c">ex: Rare Books</subfield>
      <subfield code="e">false</subfield>
    </datafield>
  </record>