
  <record>
    <leader>00794cam a2200241   4500</leader>
    <controlfield tag="005">20240829041026.0</controlfield>
    <controlfield tag="008">751211s1911    nyu           000 0 eng  </controlfield>
    <controlfield tag="001">9925628783506421</controlfield>
    <datafield tag="010" ind1=" " ind2=" ">
      <subfield code="a">   11024395  </subfield>
    </datafield>
    <datafield tag="035" ind1=" " ind2=" ">
      <subfield code="9">CMC6342TS</subfield>
    </datafield>
    <datafield tag="035" ind1=" " ind2=" ">
      <subfield code="a">(NjP)2562878-princetondb</subfield>
    </datafield>
    <datafield tag="035" ind1=" " ind2=" ">
      <subfield code="z">(NjP)Voyager2562878</subfield>
    </datafield>
    <datafield tag="035" ind1=" " ind2=" ">
      <subfield code="a">(OCoLC)ocm01892831</subfield>
    </datafield>
    <datafield tag="040" ind1=" " ind2=" ">
      <subfield code="a">DLC</subfield>
      <subfield code="b">eng</subfield>
      <subfield code="c">IXA</subfield>
      <subfield code="d">PUL</subfield>
    </datafield>
    <datafield tag="050" ind1=" " ind2="4">
      <subfield code="a">PS3521.I38</subfield>
    </datafield>
    <datafield tag="100" ind1="1" ind2=" ">
      <subfield code="a">Kilmer, Joyce,</subfield>
      <subfield code="d">1886-1918.</subfield>
      <subfield code="0">http://id.loc.gov/authorities/names/n50046153</subfield>
    </datafield>
    <datafield tag="245" ind1="1" ind2="0">
      <subfield code="a">Summer of love /</subfield>
      <subfield code="b">by Joyce Kilmer.</subfield>
    </datafield>
    <datafield tag="260" ind1=" " ind2=" ">
      <subfield code="a">New York :</subfield>
      <subfield code="b">The Baker &amp; Taylor Company,</subfield>
      <subfield code="c">1911.</subfield>
    </datafield>
    <datafield tag="300" ind1=" " ind2=" ">
      <subfield code="a">[6], 92 p. ;</subfield>
      <subfield code="c">20 cm.</subfield>
    </datafield>
    <datafield tag="500" ind1=" " ind2=" ">
      <subfield code="a">Poems.</subfield>
    </datafield>
    <datafield tag="500" ind1=" " ind2=" ">
      <subfield code="a">Partly reprinted from various periodicals.</subfield>
    </datafield>
    <datafield tag="911" ind1=" " ind2=" ">
      <subfield code="a">19991015</subfield>
    </datafield>
    <datafield tag="914" ind1=" " ind2=" ">
      <subfield code="a">(OCoLC)ocm01892831</subfield>
      <subfield code="b">OCoLC</subfield>
      <subfield code="c">match</subfield>
      <subfield code="d">20240828</subfield>
      <subfield code="e">processed</subfield>
      <subfield code="f">1892831</subfield>
    </datafield>
    <datafield tag="950" ind1=" " ind2=" ">
      <subfield code="c">2024-08-29 04:10:26 US/Eastern</subfield>
      <subfield code="b">2021-07-12 08:44:54 US/Eastern</subfield>
      <subfield code="a">false</subfield>
    </datafield>
    <datafield tag="951" ind1=" " ind2=" ">
      <subfield code="v">2021-07-20 17:58:58 US/Eastern</subfield>
      <subfield code="u">System</subfield>
      <subfield code="t">2021-07-20 17:58:51 US/Eastern</subfield>
      <subfield code="x">https://na05.alma.exlibrisgroup.com/view/uresolver/01PRI_INST/openurl?u.ignore_date_coverage=true&amp;portfolio_pid=53870507460006421&amp;Force_direct=true</subfield>
      <subfield code="s">P2E_JOB</subfield>
      <subfield code="0">53870507460006421</subfield>
      <subfield code="w">2021-07-20 21:58:51</subfield>
      <subfield code="f">false</subfield>
      <subfield code="b">static</subfield>
      <subfield code="1">52870507480006421</subfield>
      <subfield code="c">d?u.ignore_date_coverage=true&amp;rft.mms_id=9925628783506421</subfield>
      <subfield code="a">Available</subfield>
      <subfield code="e">BOOK</subfield>
      <subfield code="8">53870507460006421</subfield>
    </datafield>
    <datafield tag="583" ind1="1" ind2=" ">
      <subfield code="a">committed to retain</subfield>
      <subfield code="c">20170930</subfield>
      <subfield code="d">20421231</subfield>
      <subfield code="f">HathiTrust</subfield>
      <subfield code="5">NjP</subfield>
      <subfield code="8">22483992180006421</subfield>
    </datafield>
    <datafield tag="852" ind1="8" ind2="0">
      <subfield code="b">recap</subfield>
      <subfield code="c">pa</subfield>
      <subfield code="h">3812.42.388</subfield>
      <subfield code="8">22483992180006421</subfield>
    </datafield>
    <datafield tag="952" ind1=" " ind2=" ">
      <subfield code="d">2023-11-07 18:27:52</subfield>
      <subfield code="8">22483992180006421</subfield>
      <subfield code="a">2021-07-12 12:44:54</subfield>
      <subfield code="b">ReCAP</subfield>
      <subfield code="c">rcppa: RECAP</subfield>
      <subfield code="e">false</subfield>
    </datafield>
    <datafield tag="876" ind1=" " ind2=" ">
      <subfield code="0">22483992180006421</subfield>
      <subfield code="a">23483992170006421</subfield>
      <subfield code="j">1</subfield>
      <subfield code="z">pa</subfield>
      <subfield code="d">2008-09-09 20:00:00 US/Eastern</subfield>
      <subfield code="r">Hathi</subfield>
      <subfield code="p">32101068971736</subfield>
      <subfield code="t">1</subfield>
      <subfield code="y">recap</subfield>
    </datafield>
  </record>