
  <record>
    <leader>01120cam a2200277   4500</leader>
    <controlfield tag="005">20221219084107.0</controlfield>
    <controlfield tag="008">721129s1916    nyu           000 0 eng u</controlfield>
    <controlfield tag="001">9924399243506421</controlfield>
    <datafield tag="010" ind1=" " ind2=" ">
      <subfield code="a">   16024232  </subfield>
    </datafield>
    <datafield tag="035" ind1=" " ind2=" ">
      <subfield code="9">CLK8149TS</subfield>
    </datafield>
    <datafield tag="035" ind1=" " ind2=" ">
      <subfield code="a">(NjP)2439924-princetondb</subfield>
    </datafield>
    <datafield tag="035" ind1=" " ind2=" ">
      <subfield code="a">(OCoLC)ocm00503620</subfield>
    </datafield>
    <datafield tag="035" ind1=" " ind2=" ">
      <subfield code="z">(NjP)Voyager2439924</subfield>
    </datafield>
    <datafield tag="040" ind1=" " ind2=" ">
      <subfield code="b">eng</subfield>
      <subfield code="c">KSU</subfield>
      <subfield code="d">OCL</subfield>
      <subfield code="d">PUL</subfield>
    </datafield>
    <datafield tag="050" ind1="0" ind2=" ">
      <subfield code="a">PR6003.E45</subfield>
      <subfield code="b">V4 1916</subfield>
    </datafield>
    <datafield tag="100" ind1="1" ind2=" ">
      <subfield code="a">Belloc, Hilaire,</subfield>
      <subfield code="d">1870-1953.</subfield>
      <subfield code="0">http://id.loc.gov/authorities/names/n80046751</subfield>
    </datafield>
    <datafield tag="240" ind1="1" ind2="0">
      <subfield code="a">Poems.</subfield>
      <subfield code="k">Selections</subfield>
    </datafield>
    <datafield tag="245" ind1="1" ind2="0">
      <subfield code="a">Verses,</subfield>
      <subfield code="c">by Hilaire Belloc, with an introduction by Joyce Kilmer.</subfield>
    </datafield>
    <datafield tag="260" ind1=" " ind2=" ">
      <subfield code="a">New York,</subfield>
      <subfield code="b">L. J. Gomme,</subfield>
      <subfield code="c">1916.</subfield>
    </datafield>
    <datafield tag="300" ind1=" " ind2=" ">
      <subfield code="a">xxvii, 91 p.</subfield>
      <subfield code="c">20 cm.</subfield>
    </datafield>
    <datafield tag="561" ind1=" " ind2=" ">
      <subfield code="a">Presentation copy to Burton E. Stevenson with inscription by Joyce Kilmer.</subfield>
      <subfield code="5">NjP</subfield>
    </datafield>
    <datafield tag="700" ind1="1" ind2=" ">
      <subfield code="a">Stevenson, Burton Egbert,</subfield>
      <subfield code="d">1872-1962,</subfield>
      <subfield code="e">former owner.</subfield>
      <subfield code="5">NjP</subfield>
      <subfield code="0">http://id.loc.gov/authorities/names/n50022615</subfield>
    </datafield>
    <datafield tag="700" ind1="1" ind2=" ">
      <subfield code="a">Kilmer, Joyce,</subfield>
      <subfield code="d">1886-1918,</subfield>
      <subfield code="e">inscriber.</subfield>
      <subfield code="5">NjP</subfield>
      <subfield code="0">http://id.loc.gov/authorities/names/n50046153</subfield>
    </datafield>
    <datafield tag="911" ind1=" " ind2=" ">
      <subfield code="a">19990813</subfield>
    </datafield>
    <datafield tag="945" ind1=" " ind2=" ">
      <subfield code="a">EX</subfield>
      <subfield code="b">1</subfield>
      <subfield code="c">3625.55.1916</subfield>
    </datafield>
    <datafield tag="950" ind1=" " ind2=" ">
      <subfield code="c">2024-04-19 18:16:41 US/Eastern</subfield>
      <subfield code="b">2021-07-13 00:43:20 US/Eastern</subfield>
      <subfield code="a">false</subfield>
    </datafield>
    <datafield tag="852" ind1="8" ind2="0">
      <subfield code="b">rare</subfield>
      <subfield code="c">ex</subfield>
      <subfield code="h">3625.55.1916</subfield>
      <subfield code="8">22657806680006421</subfield>
    </datafield>
    <datafield tag="952" ind1=" " ind2=" ">
      <subfield code="a">2021-07-13 04:43:20</subfield>
      <subfield code="8">22657806680006421</subfield>
      <subfield code="b">Special Collections</subfield>
      <subfield code="c">ex: Rare Books</subfield>
      <subfield code="e">false</subfield>
    </datafield>
  </record>