
  <record>
    <leader>00873cam a2200253   4500</leader>
    <controlfield tag="005">20221219084051.0</controlfield>
    <controlfield tag="008">720504s1920    nyua          000 0 eng  </controlfield>
    <controlfield tag="001">9924389203506421</controlfield>
    <datafield tag="010" ind1=" " ind2=" ">
      <subfield code="a">   20020442  </subfield>
    </datafield>
    <datafield tag="019" ind1=" " ind2=" ">
      <subfield code="a">4794374</subfield>
    </datafield>
    <datafield tag="035" ind1=" " ind2=" ">
      <subfield code="9">CLK6289TS</subfield>
    </datafield>
    <datafield tag="035" ind1=" " ind2=" ">
      <subfield code="a">(NjP)2438920-princetondb</subfield>
    </datafield>
    <datafield tag="035" ind1=" " ind2=" ">
      <subfield code="z">(OCoLC)4794374</subfield>
    </datafield>
    <datafield tag="035" ind1=" " ind2=" ">
      <subfield code="a">(OCoLC)ocm00301262</subfield>
    </datafield>
    <datafield tag="035" ind1=" " ind2=" ">
      <subfield code="z">(NjP)Voyager2438920</subfield>
    </datafield>
    <datafield tag="040" ind1=" " ind2=" ">
      <subfield code="a">DLC</subfield>
      <subfield code="b">eng</subfield>
      <subfield code="c">OUN</subfield>
      <subfield code="d">OCL</subfield>
      <subfield code="d">KSU</subfield>
      <subfield code="d">PUL</subfield>
    </datafield>
    <datafield tag="050" ind1="0" ind2=" ">
      <subfield code="a">PS3525.O71</subfield>
      <subfield code="b">P5 1920</subfield>
    </datafield>
    <datafield tag="100" ind1="1" ind2=" ">
      <subfield code="a">Morley, Christopher,</subfield>
      <subfield code="d">1890-1957.</subfield>
      <subfield code="0">http://id.loc.gov/authorities/names/n50006133</subfield>
    </datafield>
    <datafield tag="245" ind1="1" ind2="0">
      <subfield code="a">Pipefuls,</subfield>
      <subfield code="c">by Christopher Morley; illustrated by Walter Jack Duncan.</subfield>
    </datafield>
    <datafield tag="260" ind1=" " ind2=" ">
      <subfield code="a">Garden City, New York,</subfield>
      <subfield code="b">Doubleday, Page &amp; Company,</subfield>
      <subfield code="c">1920.</subfield>
    </datafield>
    <datafield tag="300" ind1=" " ind2=" ">
      <subfield code="a">x, 274 p., 1 .</subfield>
      <subfield code="b">illus.</subfield>
      <subfield code="c">20 cm.</subfield>
    </datafield>
    <datafield tag="911" ind1=" " ind2=" ">
      <subfield code="a">19990813</subfield>
    </datafield>
    <datafield tag="945" ind1=" " ind2=" ">
      <subfield code="a">EX</subfield>
      <subfield code="b">1</subfield>
      <subfield code="c">3866.5.372.1920</subfield>
    </datafield>
    <datafield tag="950" ind1=" " ind2=" ">
      <subfield code="c">2024-04-19 18:17:03 US/Eastern</subfield>
      <subfield code="b">2021-07-12 18:59:14 US/Eastern</subfield>
      <subfield code="a">false</subfield>
    </datafield>
    <datafield tag="852" ind1="8" ind2="0">
      <subfield code="b">rare</subfield>
      <subfield code="c">ex</subfield>
      <subfield code="h">3866.5.372.1920</subfield>
      <subfield code="8">22595377240006421</subfield>
    </datafield>
    <datafield tag="952" ind1=" " ind2=" ">
      <subfield code="a">2021-07-12 22:59:14</subfield>
      <subfield code="8">22595377240006421</subfield>
      <subfield code="b">Special Collections</subfield>
      <subfield code="c">ex: Rare Books</subfield>
      <subfield code="e">false</subfield>
    </datafield>
  </record>