
  <record>
    <leader>01897cam a2200265Ma 4500</leader>
    <controlfield tag="005">20200810161458.0</controlfield>
    <controlfield tag="008">850626s1930    nyu           000 0 eng d</controlfield>
    <controlfield tag="001">9923482773506421</controlfield>
    <datafield tag="035" ind1=" " ind2=" ">
      <subfield code="a">(OCoLC)ocm16777287</subfield>
    </datafield>
    <datafield tag="035" ind1=" " ind2=" ">
      <subfield code="9">CKY6252TS</subfield>
    </datafield>
    <datafield tag="035" ind1=" " ind2=" ">
      <subfield code="a">(NjP)2348277-princetondb</subfield>
    </datafield>
    <datafield tag="035" ind1=" " ind2=" ">
      <subfield code="z">(NjP)Voyager2348277</subfield>
    </datafield>
    <datafield tag="040" ind1=" " ind2=" ">
      <subfield code="a">UBY</subfield>
      <subfield code="c">UBY</subfield>
      <subfield code="d">OCL</subfield>
      <subfield code="d">PUL</subfield>
    </datafield>
    <datafield tag="100" ind1="1" ind2=" ">
      <subfield code="a">Morley, Christopher,</subfield>
      <subfield code="d">1890-1957.</subfield>
      <subfield code="0">http://id.loc.gov/authorities/names/n50006133</subfield>
    </datafield>
    <datafield tag="245" ind1="1" ind2="0">
      <subfield code="a">Catalogue of first editions of esteemed authors :</subfield>
      <subfield code="b">prepublications of their works in proof and page form. Original manuscripts, association books. Inclusive manuscripts of Christopher Morley [some never printed]. William McFee. Rare pamphlets mostly inscribed: by Cabell, Chesterton, Conrad, Coolidge, Fitzgerald, O'Henry, Hergesheimer, Huxley, Hudson, Joyce Kilmer, Lawrence, Newton, Tomlinson, Wilder and others. The property of Christopher Morley, Esq., of Roslyn, L.I. Sold by his order. Inclusive, additions from the library of a friend (arranged in a separate alphabet) consisting of choice modern press books, first editions, inclusive, the rare William Andrew Clark catalogue series, original drawings by Beardsley, original manuscript of a playlet by G. Bernard Shaw.</subfield>
    </datafield>
    <datafield tag="260" ind1=" " ind2=" ">
      <subfield code="a">New York :</subfield>
      <subfield code="b">The Union Square Book Shop,</subfield>
      <subfield code="c">1930.</subfield>
    </datafield>
    <datafield tag="300" ind1=" " ind2=" ">
      <subfield code="a">31 p. ;</subfield>
      <subfield code="c">27 cm.</subfield>
    </datafield>
    <datafield tag="500" ind1=" " ind2=" ">
      <subfield code="a">At head of title: Auction sale number 3, 1930. Day of sale Tuesday, September 30th, 1930 2 o'clock P.M. On public exhibition from Thursday, September 25th.</subfield>
    </datafield>
    <datafield tag="500" ind1=" " ind2=" ">
      <subfield code="a">Title page within 3 compartments each surrounded by single heavy black rule.</subfield>
    </datafield>
    <datafield tag="500" ind1=" " ind2=" ">
      <subfield code="a">Priced catalog.</subfield>
    </datafield>
    <datafield tag="650" ind1=" " ind2="0">
      <subfield code="a">First editions.</subfield>
      <subfield code="0">http://id.loc.gov/authorities/subjects/sh85013856</subfield>
    </datafield>
    <datafield tag="650" ind1=" " ind2="0">
      <subfield code="a">Private libraries.</subfield>
      <subfield code="0">http://id.loc.gov/authorities/subjects/sh85076565</subfield>
    </datafield>
    <datafield tag="650" ind1=" " ind2="0">
      <subfield code="a">Books</subfield>
      <subfield code="x">Prices.</subfield>
      <subfield code="0">http://id.loc.gov/authorities/subjects/sh85015750</subfield>
    </datafield>
    <datafield tag="600" ind1="1" ind2="0">
      <subfield code="a">Morley, Christopher,</subfield>
      <subfield code="d">1890-1957</subfield>
      <subfield code="x">Library.</subfield>
    </datafield>
    <datafield tag="911" ind1=" " ind2=" ">
      <subfield code="a">19990626</subfield>
    </datafield>
    <datafield tag="945" ind1=" " ind2=" ">
      <subfield code="a">EX</subfield>
      <subfield code="b">1</subfield>
      <subfield code="c">Z999</subfield>
      <subfield code="d">.xU5</subfield>
    </datafield>
    <datafield tag="950" ind1=" " ind2=" ">
      <subfield code="c">2024-04-19 16:45:36 US/Eastern</subfield>
      <subfield code="b">2021-07-12 16:03:12 US/Eastern</subfield>
      <subfield code="a">false</subfield>
    </datafield>
    <datafield tag="852" ind1="0" ind2="0">
      <subfield code="b">rare</subfield>
      <subfield code="c">ex</subfield>
      <subfield code="h">Z999</subfield>
      <subfield code="i">.xU5</subfield>
      <subfield code="8">22563662310006421</subfield>
    </datafield>
    <datafield tag="952" ind1=" " ind2=" ">
      <subfield code="a">2021-07-12 20:03:12</subfield>
      <subfield code="8">22563662310006421</subfield>
      <subfield code="b">Special Collections</subfield>
      <subfield code="c">ex: Rare Books</subfield>
      <subfield code="e">false</subfield>
    </datafield>
  </record>