
  <record>
    <leader>01442cam a2200289   4500</leader>
    <controlfield tag="005">20240829050559.0</controlfield>
    <controlfield tag="008">800714s1922    nyu           000 0 eng  </controlfield>
    <controlfield tag="001">9923282663506421</controlfield>
    <datafield tag="010" ind1=" " ind2=" ">
      <subfield code="a">   22005560  </subfield>
    </datafield>
    <datafield tag="035" ind1=" " ind2=" ">
      <subfield code="9">CKV9850TS</subfield>
    </datafield>
    <datafield tag="035" ind1=" " ind2=" ">
      <subfield code="a">(NjP)2328266-princetondb</subfield>
    </datafield>
    <datafield tag="035" ind1=" " ind2=" ">
      <subfield code="z">(NjP)Voyager2328266</subfield>
    </datafield>
    <datafield tag="035" ind1=" " ind2=" ">
      <subfield code="a">(OCoLC)ocm06512276</subfield>
    </datafield>
    <datafield tag="040" ind1=" " ind2=" ">
      <subfield code="a">DLC</subfield>
      <subfield code="b">eng</subfield>
      <subfield code="c">EXN</subfield>
      <subfield code="d">OCL</subfield>
      <subfield code="d">PUL</subfield>
    </datafield>
    <datafield tag="050" ind1=" " ind2=" ">
      <subfield code="a">PS324</subfield>
      <subfield code="b">.S7</subfield>
    </datafield>
    <datafield tag="100" ind1="1" ind2=" ">
      <subfield code="a">Stidger, William L.</subfield>
      <subfield code="q">(William Le Roy),</subfield>
      <subfield code="d">1885-1949.</subfield>
      <subfield code="0">http://id.loc.gov/authorities/names/n85803495</subfield>
    </datafield>
    <datafield tag="245" ind1="1" ind2="0">
      <subfield code="a">Flames of faith,</subfield>
      <subfield code="c">by William L. Stidger, introduction by Edwin Markham.</subfield>
    </datafield>
    <datafield tag="260" ind1=" " ind2=" ">
      <subfield code="a">New York, Cincinnati,</subfield>
      <subfield code="b">The Abingdon press</subfield>
      <subfield code="c">[c1922]</subfield>
    </datafield>
    <datafield tag="300" ind1=" " ind2=" ">
      <subfield code="a">204 p.</subfield>
      <subfield code="c">20 cm.</subfield>
    </datafield>
    <datafield tag="505" ind1="0" ind2=" ">
      <subfield code="a">Women poets: Angela Morgan. Edith Daley. Edna Saint Vincent Millay. Anna Hempstead Branch.--Men poets: Joyce Kilmer. George Sterling. Frederic Lawrence Knowles. John Drinkwater. James Whitcomb Riley. Edgar Guest. Strickland Gillilan. Amos R. Wells.</subfield>
    </datafield>
    <datafield tag="650" ind1=" " ind2="0">
      <subfield code="a">American poetry</subfield>
      <subfield code="y">20th century</subfield>
      <subfield code="x">History and criticism.</subfield>
      <subfield code="0">http://id.loc.gov/authorities/subjects/sh2007101081</subfield>
    </datafield>
    <datafield tag="650" ind1=" " ind2="0">
      <subfield code="a">Poets, American.</subfield>
      <subfield code="0">http://id.loc.gov/authorities/subjects/sh85103735</subfield>
    </datafield>
    <datafield tag="600" ind1="1" ind2="0">
      <subfield code="a">Drinkwater, John,</subfield>
      <subfield code="d">1882-1937.</subfield>
      <subfield code="0">http://id.loc.gov/authorities/names/n50029152</subfield>
    </datafield>
    <datafield tag="852" ind1="0" ind2=" ">
      <subfield code="b">f</subfield>
      <subfield code="h">PS324</subfield>
      <subfield code="i">.S7 1922</subfield>
      <subfield code="p">2620601</subfield>
      <subfield code="x">reclassed from: 3570.883</subfield>
    </datafield>
    <datafield tag="911" ind1=" " ind2=" ">
      <subfield code="a">19990626</subfield>
    </datafield>
    <datafield tag="914" ind1=" " ind2=" ">
      <subfield code="a">(OCoLC)ocm06512276</subfield>
      <subfield code="b">OCoLC</subfield>
      <subfield code="c">match</subfield>
      <subfield code="d">20240828</subfield>
      <subfield code="e">processed</subfield>
      <subfield code="f">6512276</subfield>
    </datafield>
    <datafield tag="945" ind1=" " ind2=" ">
      <subfield code="a">F</subfield>
      <subfield code="b">1</subfield>
      <subfield code="c">3570.883</subfield>
    </datafield>
    <datafield tag="950" ind1=" " ind2=" ">
      <subfield code="c">2024-08-29 05:05:59 US/Eastern</subfield>
      <subfield code="b">2021-07-13 01:46:43 US/Eastern</subfield>
      <subfield code="a">false</subfield>
    </datafield>
    <datafield tag="951" ind1=" " ind2=" ">
      <subfield code="v">2021-07-20 13:09:57 US/Eastern</subfield>
      <subfield code="u">System</subfield>
      <subfield code="t">2021-07-20 13:09:50 US/Eastern</subfield>
      <subfield code="x">https://na05.alma.exlibrisgroup.com/view/uresolver/01PRI_INST/openurl?u.ignore_date_coverage=true&amp;portfolio_pid=53820292910006421&amp;Force_direct=true</subfield>
      <subfield code="s">P2E_JOB</subfield>
      <subfield code="0">53820292910006421</subfield>
      <subfield code="w">2021-07-20 17:09:50</subfield>
      <subfield code="f">false</subfield>
      <subfield code="b">static</subfield>
      <subfield code="1">52820292920006421</subfield>
      <subfield code="c">d?u.ignore_date_coverage=true&amp;rft.mms_id=9923282663506421</subfield>
      <subfield code="a">Available</subfield>
      <subfield code="e">BOOK</subfield>
      <subfield code="8">53820292910006421</subfield>
    </datafield>
    <datafield tag="583" ind1="1" ind2=" ">
      <subfield code="a">committed to retain</subfield>
      <subfield code="c">20170930</subfield>
      <subfield code="d">20421231</subfield>
      <subfield code="f">HathiTrust</subfield>
      <subfield code="5">NjP</subfield>
      <subfield code="8">22669105590006421</subfield>
    </datafield>
    <datafield tag="852" ind1="0" ind2="0">
      <subfield code="b">firestone</subfield>
      <subfield code="c">stacks</subfield>
      <subfield code="h">PS324</subfield>
      <subfield code="i">.S7 1922</subfield>
      <subfield code="8">22669105590006421</subfield>
    </datafield>
    <datafield tag="952" ind1=" " ind2=" ">
      <subfield code="d">2023-11-07 18:44:23</subfield>
      <subfield code="8">22669105590006421</subfield>
      <subfield code="a">2021-07-13 05:46:43</subfield>
      <subfield code="b">Firestone Library</subfield>
      <subfield code="c">stacks: Firestone Library</subfield>
      <subfield code="e">false</subfield>
    </datafield>
    <datafield tag="876" ind1=" " ind2=" ">
      <subfield code="0">22669105590006421</subfield>
      <subfield code="a">23669105580006421</subfield>
      <subfield code="j">1</subfield>
      <subfield code="z">stacks</subfield>
      <subfield code="d">2009-01-15 19:00:00 US/Eastern</subfield>
      <subfield code="r">Hathi</subfield>
      <subfield code="p">32101074758861</subfield>
      <subfield code="t">1</subfield>
      <subfield code="y">firestone</subfield>
    </datafield>
  </record>