
  <record>
    <leader>00906cam a2200265   4500</leader>
    <controlfield tag="005">20240718114708.0</controlfield>
    <controlfield tag="008">750904s1954    nyu           000 1 eng  </controlfield>
    <controlfield tag="001">9922877073506421</controlfield>
    <datafield tag="010" ind1=" " ind2=" ">
      <subfield code="a">   54006895  </subfield>
    </datafield>
    <datafield tag="035" ind1=" " ind2=" ">
      <subfield code="9">CKN8595TS</subfield>
    </datafield>
    <datafield tag="035" ind1=" " ind2=" ">
      <subfield code="a">(NjP)2287707-princetondb</subfield>
    </datafield>
    <datafield tag="035" ind1=" " ind2=" ">
      <subfield code="z">(NjP)Voyager2287707</subfield>
    </datafield>
    <datafield tag="035" ind1=" " ind2=" ">
      <subfield code="a">(OCoLC)ocm01598045</subfield>
    </datafield>
    <datafield tag="040" ind1=" " ind2=" ">
      <subfield code="a">DLC</subfield>
      <subfield code="b">eng</subfield>
      <subfield code="c">FBA</subfield>
      <subfield code="d">PUL</subfield>
    </datafield>
    <datafield tag="050" ind1="0" ind2=" ">
      <subfield code="a">PS3515</subfield>
      <subfield code="b">.O227 1954</subfield>
    </datafield>
    <datafield tag="082" ind1=" " ind2=" ">
      <subfield code="a">811.5</subfield>
    </datafield>
    <datafield tag="100" ind1="1" ind2=" ">
      <subfield code="a">Hoffenstein, Samuel,</subfield>
      <subfield code="d">1889-1947.</subfield>
      <subfield code="0">http://id.loc.gov/authorities/names/n85151874</subfield>
    </datafield>
    <datafield tag="245" ind1="0" ind2="0">
      <subfield code="a">Complete poetry.</subfield>
    </datafield>
    <datafield tag="260" ind1=" " ind2=" ">
      <subfield code="a">New York,</subfield>
      <subfield code="b">Modern Library</subfield>
      <subfield code="c">[1954]</subfield>
    </datafield>
    <datafield tag="300" ind1=" " ind2=" ">
      <subfield code="a">373 p.</subfield>
      <subfield code="c">19 cm.</subfield>
    </datafield>
    <datafield tag="490" ind1="0" ind2=" ">
      <subfield code="a">The Modern library of the world's best books [225]</subfield>
    </datafield>
    <datafield tag="655" ind1=" " ind2="7">
      <subfield code="a">Fiction.</subfield>
      <subfield code="2">lcgft</subfield>
      <subfield code="0">http://id.loc.gov/authorities/genreForms/gf2014026339</subfield>
    </datafield>
    <datafield tag="911" ind1=" " ind2=" ">
      <subfield code="a">19990626</subfield>
    </datafield>
    <datafield tag="914" ind1=" " ind2=" ">
      <subfield code="a">(OCoLC)ocm01598045</subfield>
      <subfield code="b">OCoLC</subfield>
      <subfield code="c">match</subfield>
      <subfield code="d">20240710</subfield>
      <subfield code="e">processed</subfield>
      <subfield code="f">1598045</subfield>
    </datafield>
    <datafield tag="945" ind1=" " ind2=" ">
      <subfield code="a">F</subfield>
      <subfield code="b">1</subfield>
      <subfield code="c">PS3515</subfield>
      <subfield code="d">.O227 1954</subfield>
    </datafield>
    <datafield tag="950" ind1=" " ind2=" ">
      <subfield code="c">2024-07-18 11:47:08 US/Eastern</subfield>
      <subfield code="b">2021-07-12 23:30:58 US/Eastern</subfield>
      <subfield code="a">false</subfield>
    </datafield>
    <datafield tag="852" ind1="0" ind2="0">
      <subfield code="b">recap</subfield>
      <subfield code="c">pa</subfield>
      <subfield code="h">PS3515</subfield>
      <subfield code="i">.O227 1954</subfield>
      <subfield code="8">22644869070006421</subfield>
    </datafield>
    <datafield tag="952" ind1=" " ind2=" ">
      <subfield code="a">2021-07-13 03:30:58</subfield>
      <subfield code="8">22644869070006421</subfield>
      <subfield code="b">ReCAP</subfield>
      <subfield code="c">rcppa: RECAP</subfield>
      <subfield code="e">false</subfield>
    </datafield>
    <datafield tag="876" ind1=" " ind2=" ">
      <subfield code="0">22644869070006421</subfield>
      <subfield code="a">23644869060006421</subfield>
      <subfield code="j">1</subfield>
      <subfield code="z">pa</subfield>
      <subfield code="d">2003-06-05 20:00:00 US/Eastern</subfield>
      <subfield code="p">32101047301435</subfield>
      <subfield code="t">1</subfield>
      <subfield code="y">recap</subfield>
    </datafield>
  </record>