
  <record>
    <leader>01131cam a2200313   4500</leader>
    <controlfield tag="005">20240509042630.0</controlfield>
    <controlfield tag="008">720711s1921    nyu           000 0 eng  </controlfield>
    <controlfield tag="001">9922697223506421</controlfield>
    <datafield tag="010" ind1=" " ind2=" ">
      <subfield code="a">   21021574  </subfield>
    </datafield>
    <datafield tag="019" ind1=" " ind2=" ">
      <subfield code="a">510540</subfield>
      <subfield code="a">22788215</subfield>
    </datafield>
    <datafield tag="035" ind1=" " ind2=" ">
      <subfield code="9">CKJ8460TS</subfield>
    </datafield>
    <datafield tag="035" ind1=" " ind2=" ">
      <subfield code="a">(NjP)2269722-princetondb</subfield>
    </datafield>
    <datafield tag="035" ind1=" " ind2=" ">
      <subfield code="z">(OCoLC)510540</subfield>
      <subfield code="z">(OCoLC)22788215</subfield>
    </datafield>
    <datafield tag="035" ind1=" " ind2=" ">
      <subfield code="z">(NjP)Voyager2269722</subfield>
    </datafield>
    <datafield tag="035" ind1=" " ind2=" ">
      <subfield code="a">(OCoLC)ocm00352292</subfield>
    </datafield>
    <datafield tag="040" ind1=" " ind2=" ">
      <subfield code="a">DLC</subfield>
      <subfield code="b">eng</subfield>
      <subfield code="c">WSU</subfield>
      <subfield code="d">OCL</subfield>
      <subfield code="d">DRB</subfield>
      <subfield code="d">STF</subfield>
      <subfield code="d">PUL</subfield>
    </datafield>
    <datafield tag="050" ind1="0" ind2=" ">
      <subfield code="a">PR1367</subfield>
      <subfield code="b">.M6</subfield>
    </datafield>
    <datafield tag="092" ind1=" " ind2=" ">
      <subfield code="a">808.4</subfield>
      <subfield code="b">.M864</subfield>
    </datafield>
    <datafield tag="100" ind1="1" ind2=" ">
      <subfield code="a">Morley, Christopher,</subfield>
      <subfield code="d">1890-1957</subfield>
      <subfield code="e">comp.</subfield>
      <subfield code="0">http://id.loc.gov/authorities/names/n50006133</subfield>
    </datafield>
    <datafield tag="245" ind1="1" ind2="0">
      <subfield code="a">Modern essays,</subfield>
      <subfield code="c">selected by Christopher Morley.</subfield>
    </datafield>
    <datafield tag="260" ind1=" " ind2=" ">
      <subfield code="a">New York,</subfield>
      <subfield code="b">Harcourt, Brace and company,</subfield>
      <subfield code="c">1921.</subfield>
    </datafield>
    <datafield tag="300" ind1=" " ind2=" ">
      <subfield code="a">x p., 2 l., 3-351 p.</subfield>
      <subfield code="c">20 cm.</subfield>
    </datafield>
    <datafield tag="650" ind1=" " ind2="0">
      <subfield code="a">American essays.</subfield>
      <subfield code="0">http://id.loc.gov/authorities/subjects/sh85004316</subfield>
    </datafield>
    <datafield tag="650" ind1=" " ind2="0">
      <subfield code="a">English essays.</subfield>
      <subfield code="0">http://id.loc.gov/authorities/subjects/sh85043355</subfield>
    </datafield>
    <datafield tag="911" ind1=" " ind2=" ">
      <subfield code="a">19990626</subfield>
    </datafield>
    <datafield tag="912" ind1=" " ind2=" ">
      <subfield code="a">20000310055331.0</subfield>
    </datafield>
    <datafield tag="914" ind1=" " ind2=" ">
      <subfield code="a">(OCoLC)ocm00352292</subfield>
      <subfield code="b">OCoLC</subfield>
      <subfield code="c">match</subfield>
      <subfield code="d">20240508</subfield>
      <subfield code="e">processed</subfield>
      <subfield code="f">352292</subfield>
    </datafield>
    <datafield tag="945" ind1=" " ind2=" ">
      <subfield code="a">F</subfield>
      <subfield code="b">1</subfield>
      <subfield code="c">3594.653</subfield>
    </datafield>
    <datafield tag="945" ind1=" " ind2=" ">
      <subfield code="a">F</subfield>
      <subfield code="b">2</subfield>
      <subfield code="c">3594.653</subfield>
    </datafield>
    <datafield tag="950" ind1=" " ind2=" ">
      <subfield code="c">2024-05-09 04:26:30 US/Eastern</subfield>
      <subfield code="b">2021-07-12 23:42:19 US/Eastern</subfield>
      <subfield code="a">false</subfield>
    </datafield>
    <datafield tag="852" ind1="0" ind2="0">
      <subfield code="b">firestone</subfield>
      <subfield code="c">stacks</subfield>
      <subfield code="h">PR1367</subfield>
      <subfield code="i">.M6</subfield>
      <subfield code="8">22647015400006421</subfield>
    </datafield>
    <datafield tag="952" ind1=" " ind2=" ">
      <subfield code="a">2021-07-13 03:42:19</subfield>
      <subfield code="8">22647015400006421</subfield>
      <subfield code="b">Firestone Library</subfield>
      <subfield code="c">stacks: Firestone Library</subfield>
      <subfield code="e">false</subfield>
    </datafield>
    <datafield tag="876" ind1=" " ind2=" ">
      <subfield code="0">22647015400006421</subfield>
      <subfield code="a">23647015390006421</subfield>
      <subfield code="j">1</subfield>
      <subfield code="z">stacks</subfield>
      <subfield code="d">2000-06-12 20:00:00 US/Eastern</subfield>
      <subfield code="p">32101038395792</subfield>
      <subfield code="t">1</subfield>
      <subfield code="y">firestone</subfield>
    </datafield>
  </record>