
  <record>
    <leader>01346cam a2200325 a 4500</leader>
    <controlfield tag="005">20221218225319.0</controlfield>
    <controlfield tag="008">891016s1787    fr            000 0 fre  </controlfield>
    <controlfield tag="001">9921278523506421</controlfield>
    <datafield tag="010" ind1=" " ind2=" ">
      <subfield code="a">   89195524  </subfield>
    </datafield>
    <datafield tag="035" ind1=" " ind2=" ">
      <subfield code="9">CJD6645TS</subfield>
    </datafield>
    <datafield tag="035" ind1=" " ind2=" ">
      <subfield code="a">(NjP)2127852-princetondb</subfield>
    </datafield>
    <datafield tag="035" ind1=" " ind2=" ">
      <subfield code="a">(OCoLC)ocm23582683</subfield>
    </datafield>
    <datafield tag="035" ind1=" " ind2=" ">
      <subfield code="z">(NjP)Voyager2127852</subfield>
    </datafield>
    <datafield tag="040" ind1=" " ind2=" ">
      <subfield code="a">DLC</subfield>
      <subfield code="b">eng</subfield>
      <subfield code="c">DLC</subfield>
      <subfield code="d">PUL</subfield>
    </datafield>
    <datafield tag="050" ind1="0" ind2="0">
      <subfield code="a">BF1879.T2</subfield>
      <subfield code="b">A45 1783</subfield>
    </datafield>
    <datafield tag="100" ind1="0" ind2=" ">
      <subfield code="a">Alliette,</subfield>
      <subfield code="d">1738-1791.</subfield>
      <subfield code="0">http://id.loc.gov/authorities/names/n88177535</subfield>
    </datafield>
    <datafield tag="245" ind1="1" ind2="0">
      <subfield code="a">Science :</subfield>
      <subfield code="b">leçons théoriques et pratiques du Livre de Thot.</subfield>
    </datafield>
    <datafield tag="260" ind1=" " ind2=" ">
      <subfield code="a">[Paris? :</subfield>
      <subfield code="b">s.n.,</subfield>
      <subfield code="c">1787?]</subfield>
    </datafield>
    <datafield tag="300" ind1=" " ind2=" ">
      <subfield code="a">viij,94 p. ;</subfield>
      <subfield code="c">17 cm. (12mo)</subfield>
    </datafield>
    <datafield tag="500" ind1=" " ind2=" ">
      <subfield code="a">Caption title: Avant-propos des leçons théoriques et pratiques du Livre de Thot.</subfield>
    </datafield>
    <datafield tag="500" ind1=" " ind2=" ">
      <subfield code="a">Author's name at end of text: M. Etteilla [i.e. Alliette].</subfield>
    </datafield>
    <datafield tag="500" ind1=" " ind2=" ">
      <subfield code="a">Signatures: a⁴.</subfield>
    </datafield>
    <datafield tag="650" ind1=" " ind2="0">
      <subfield code="a">Tarot</subfield>
      <subfield code="x">Early works to 1800.</subfield>
    </datafield>
    <datafield tag="650" ind1=" " ind2="0">
      <subfield code="a">Occultism</subfield>
      <subfield code="x">Early works to 1800.</subfield>
    </datafield>
    <datafield tag="600" ind1="0" ind2="0">
      <subfield code="a">Alliette,</subfield>
      <subfield code="d">1738-1791.</subfield>
      <subfield code="0">http://id.loc.gov/authorities/names/n88177535</subfield>
    </datafield>
    <datafield tag="740" ind1="0" ind2=" ">
      <subfield code="a">Leçons théoriques et pratiques du Livre de Thot.</subfield>
    </datafield>
    <datafield tag="740" ind1="0" ind2=" ">
      <subfield code="a">Avant-propos des leçons théoriques et pratiques du Livre de Thot.</subfield>
    </datafield>
    <datafield tag="911" ind1=" " ind2=" ">
      <subfield code="a">19990108</subfield>
    </datafield>
    <datafield tag="945" ind1=" " ind2=" ">
      <subfield code="a">F</subfield>
      <subfield code="b">1</subfield>
      <subfield code="c">6487.12.4</subfield>
    </datafield>
    <datafield tag="950" ind1=" " ind2=" ">
      <subfield code="c">2024-05-03 04:25:44 US/Eastern</subfield>
      <subfield code="b">2021-07-13 05:09:26 US/Eastern</subfield>
      <subfield code="a">false</subfield>
    </datafield>
    <datafield tag="852" ind1="8" ind2="0">
      <subfield code="b">firestone</subfield>
      <subfield code="c">stacks</subfield>
      <subfield code="h">6487.12.4</subfield>
      <subfield code="8">22705299430006421</subfield>
    </datafield>
    <datafield tag="952" ind1=" " ind2=" ">
      <subfield code="a">2021-07-13 09:09:26</subfield>
      <subfield code="8">22705299430006421</subfield>
      <subfield code="b">Firestone Library</subfield>
      <subfield code="c">stacks: Firestone Library</subfield>
      <subfield code="e">false</subfield>
    </datafield>
  </record>