
  <record>
    <leader>02645cas a22004211i 4500</leader>
    <controlfield tag="005">20230125135939.0</controlfield>
    <controlfield tag="008">770509d18801882nyuwr p       0   a0eng  </controlfield>
    <controlfield tag="001">9921068463506421</controlfield>
    <datafield tag="010" ind1=" " ind2=" ">
      <subfield code="a">   02027780  </subfield>
    </datafield>
    <datafield tag="019" ind1=" " ind2=" ">
      <subfield code="a">1242075</subfield>
      <subfield code="a">2948546</subfield>
      <subfield code="a">45611234</subfield>
      <subfield code="a">51394437</subfield>
      <subfield code="a">174295239</subfield>
      <subfield code="a">182894935</subfield>
      <subfield code="a">191712526</subfield>
      <subfield code="a">213776464</subfield>
      <subfield code="a">241455726</subfield>
      <subfield code="a">264687537</subfield>
      <subfield code="a">466385059</subfield>
      <subfield code="a">531780649</subfield>
      <subfield code="a">535329552</subfield>
      <subfield code="a">605919286</subfield>
      <subfield code="a">610331497</subfield>
      <subfield code="a">610399787</subfield>
      <subfield code="a">636758848</subfield>
      <subfield code="a">644275808</subfield>
      <subfield code="a">669680712</subfield>
      <subfield code="a">671797966</subfield>
      <subfield code="a">704173159</subfield>
      <subfield code="a">704177541</subfield>
      <subfield code="a">725829686</subfield>
      <subfield code="a">731375748</subfield>
      <subfield code="a">731490566</subfield>
      <subfield code="a">740900273</subfield>
      <subfield code="a">749315199</subfield>
      <subfield code="a">820894319</subfield>
      <subfield code="a">821022421</subfield>
      <subfield code="a">843862549</subfield>
      <subfield code="a">846855582</subfield>
      <subfield code="a">858461744</subfield>
      <subfield code="a">872712451</subfield>
      <subfield code="a">885418220</subfield>
      <subfield code="a">892619422</subfield>
      <subfield code="a">894475392</subfield>
      <subfield code="a">894520184</subfield>
      <subfield code="a">895538471</subfield>
      <subfield code="a">907257108</subfield>
      <subfield code="a">992238091</subfield>
      <subfield code="a">1039271783</subfield>
    </datafield>
    <datafield tag="022" ind1="0" ind2=" ">
      <subfield code="a">0036-8075</subfield>
    </datafield>
    <datafield tag="035" ind1=" " ind2=" ">
      <subfield code="9">CJA4595TS</subfield>
    </datafield>
    <datafield tag="035" ind1=" " ind2=" ">
      <subfield code="a">(NjP)2106846-princetondb</subfield>
    </datafield>
    <datafield tag="035" ind1=" " ind2=" ">
      <subfield code="z">(OCoLC)1242075</subfield>
      <subfield code="z">(OCoLC)2948546</subfield>
      <subfield code="z">(OCoLC)45611234</subfield>
      <subfield code="z">(OCoLC)51394437</subfield>
      <subfield code="z">(OCoLC)174295239</subfield>
      <subfield code="z">(OCoLC)182894935</subfield>
      <subfield code="z">(OCoLC)191712526</subfield>
      <subfield code="z">(OCoLC)213776464</subfield>
      <subfield code="z">(OCoLC)241455726</subfield>
      <subfield code="z">(OCoLC)264687537</subfield>
      <subfield code="z">(OCoLC)466385059</subfield>
      <subfield code="z">(OCoLC)531780649</subfield>
      <subfield code="z">(OCoLC)535329552</subfield>
      <subfield code="z">(OCoLC)605919286</subfield>
      <subfield code="z">(OCoLC)610331497</subfield>
      <subfield code="z">(OCoLC)610399787</subfield>
      <subfield code="z">(OCoLC)636758848</subfield>
      <subfield code="z">(OCoLC)644275808</subfield>
      <subfield code="z">(OCoLC)669680712</subfield>
      <subfield code="z">(OCoLC)671797966</subfield>
      <subfield code="z">(OCoLC)704173159</subfield>
      <subfield code="z">(OCoLC)704177541</subfield>
      <subfield code="z">(OCoLC)725829686</subfield>
      <subfield code="z">(OCoLC)731375748</subfield>
      <subfield code="z">(OCoLC)731490566</subfield>
      <subfield code="z">(OCoLC)740900273</subfield>
      <subfield code="z">(OCoLC)749315199</subfield>
      <subfield code="z">(OCoLC)820894319</subfield>
      <subfield code="z">(OCoLC)821022421</subfield>
      <subfield code="z">(OCoLC)843862549</subfield>
      <subfield code="z">(OCoLC)846855582</subfield>
      <subfield code="z">(OCoLC)858461744</subfield>
      <subfield code="z">(OCoLC)872712451</subfield>
      <subfield code="z">(OCoLC)885418220</subfield>
      <subfield code="z">(OCoLC)892619422</subfield>
      <subfield code="z">(OCoLC)894475392</subfield>
      <subfield code="z">(OCoLC)894520184</subfield>
      <subfield code="z">(OCoLC)895538471</subfield>
      <subfield code="z">(OCoLC)907257108</subfield>
      <subfield code="z">(OCoLC)992238091</subfield>
      <subfield code="z">(OCoLC)1039271783</subfield>
    </datafield>
    <datafield tag="035" ind1=" " ind2=" ">
      <subfield code="a">(OCoLC)ocm01644869</subfield>
    </datafield>
    <datafield tag="035" ind1=" " ind2=" ">
      <subfield code="z">(NjP)Voyager2106846</subfield>
    </datafield>
    <datafield tag="040" ind1=" " ind2=" ">
      <subfield code="a">DLC</subfield>
      <subfield code="c">CWR</subfield>
      <subfield code="d">DLC</subfield>
      <subfield code="d">HUL</subfield>
      <subfield code="d">DLC</subfield>
      <subfield code="d">NSD</subfield>
      <subfield code="d">RCS</subfield>
      <subfield code="d">AIP</subfield>
      <subfield code="d">NSD</subfield>
      <subfield code="d">DLC</subfield>
      <subfield code="d">PUL</subfield>
      <subfield code="d">NjP</subfield>
    </datafield>
    <datafield tag="042" ind1=" " ind2=" ">
      <subfield code="a">lc</subfield>
      <subfield code="a">nsdp</subfield>
    </datafield>
    <datafield tag="050" ind1="0" ind2="0">
      <subfield code="a">Q1</subfield>
      <subfield code="b">.S34</subfield>
    </datafield>
    <datafield tag="082" ind1="1" ind2=" ">
      <subfield code="a">505</subfield>
      <subfield code="2">11</subfield>
    </datafield>
    <datafield tag="130" ind1="0" ind2=" ">
      <subfield code="a">Science (New York, N.Y.)</subfield>
      <subfield code="0">http://id.loc.gov/authorities/names/n83030794</subfield>
    </datafield>
    <datafield tag="210" ind1="0" ind2=" ">
      <subfield code="a">Science</subfield>
      <subfield code="b">(Wash. D.C.)</subfield>
    </datafield>
    <datafield tag="222" ind1=" " ind2="0">
      <subfield code="a">Science</subfield>
      <subfield code="b">(Washington, D.C.)</subfield>
    </datafield>
    <datafield tag="245" ind1="0" ind2="0">
      <subfield code="a">Science.</subfield>
    </datafield>
    <datafield tag="260" ind1=" " ind2=" ">
      <subfield code="a">[New York,</subfield>
      <subfield code="b">s.n.,</subfield>
      <subfield code="c">1880-1882]</subfield>
    </datafield>
    <datafield tag="300" ind1=" " ind2=" ">
      <subfield code="a">3 v. :</subfield>
      <subfield code="b">ill. ;</subfield>
      <subfield code="c">29 cm.</subfield>
    </datafield>
    <datafield tag="310" ind1=" " ind2=" ">
      <subfield code="a">Weekly</subfield>
    </datafield>
    <datafield tag="362" ind1="0" ind2=" ">
      <subfield code="a">Vol. 1, no. 1 (July 3, 1880)-v. 3, no. 82 (Mar. 4, 1882).</subfield>
    </datafield>
    <datafield tag="500" ind1=" " ind2=" ">
      <subfield code="a">"A weekly record of scientific progress."</subfield>
    </datafield>
    <datafield tag="515" ind1=" " ind2=" ">
      <subfield code="a">None issued for Jan. 7, Jan. 28-Feb. 1882.</subfield>
    </datafield>
    <datafield tag="650" ind1=" " ind2="0">
      <subfield code="a">Science</subfield>
      <subfield code="v">Periodicals.</subfield>
      <subfield code="0">http://id.loc.gov/authorities/subjects/sh85118580</subfield>
    </datafield>
    <datafield tag="655" ind1=" " ind2="7">
      <subfield code="a">Periodicals.</subfield>
      <subfield code="2">lcgft</subfield>
      <subfield code="0">http://id.loc.gov/authorities/genreForms/gf2014026139</subfield>
    </datafield>
    <datafield tag="785" ind1="0" ind2="0">
      <subfield code="t">Science (Cambridge, Mass.)</subfield>
      <subfield code="x">0036-8075</subfield>
    </datafield>
    <datafield tag="852" ind1="0" ind2=" ">
      <subfield code="b">f</subfield>
      <subfield code="h">Q1</subfield>
      <subfield code="i">.S3544</subfield>
      <subfield code="p">2391056</subfield>
      <subfield code="x">reclassed from: 8001.847</subfield>
    </datafield>
    <datafield tag="911" ind1=" " ind2=" ">
      <subfield code="a">19990108</subfield>
    </datafield>
    <datafield tag="912" ind1=" " ind2=" ">
      <subfield code="a">20000315045712.0</subfield>
    </datafield>
    <datafield tag="914" ind1=" " ind2=" ">
      <subfield code="a">(OCoLC)ocm01644869</subfield>
      <subfield code="b">OCoLC</subfield>
      <subfield code="c">match</subfield>
      <subfield code="d">20230125</subfield>
      <subfield code="e">processed</subfield>
      <subfield code="f">1644869</subfield>
    </datafield>
    <datafield tag="945" ind1=" " ind2=" ">
      <subfield code="a">F</subfield>
      <subfield code="b">1</subfield>
      <subfield code="c">8001.847</subfield>
      <subfield code="e">v.1-3</subfield>
    </datafield>
    <datafield tag="950" ind1=" " ind2=" ">
      <subfield code="c">2023-08-11 18:34:27 US/Eastern</subfield>
      <subfield code="b">2021-07-12 17:18:54 US/Eastern</subfield>
      <subfield code="a">false</subfield>
    </datafield>
    <datafield tag="852" ind1="8" ind2="1">
      <subfield code="b">firestone</subfield>
      <subfield code="c">stacks</subfield>
      <subfield code="h">8001.847</subfield>
      <subfield code="8">22577255500006421</subfield>
    </datafield>
    <datafield tag="866" ind1=" " ind2="0">
      <subfield code="a">Vol. 1, no. 1 (July 3, 1880)-v. 3, no. 82 (Mar. 4, 1882)</subfield>
      <subfield code="8">22577255500006421</subfield>
    </datafield>
    <datafield tag="952" ind1=" " ind2=" ">
      <subfield code="a">2021-07-12 21:18:54</subfield>
      <subfield code="8">22577255500006421</subfield>
      <subfield code="b">Firestone Library</subfield>
      <subfield code="c">stacks: Firestone Library</subfield>
      <subfield code="e">false</subfield>
    </datafield>
    <datafield tag="876" ind1=" " ind2=" ">
      <subfield code="0">22577255500006421</subfield>
      <subfield code="a">23577255490006421</subfield>
      <subfield code="3">v.1-3 1880-1882</subfield>
      <subfield code="j">0</subfield>
      <subfield code="x">MISSING</subfield>
      <subfield code="z">stacks</subfield>
      <subfield code="d">2000-08-13 20:00:00 US/Eastern</subfield>
      <subfield code="p">32101035425683</subfield>
      <subfield code="t">1</subfield>
      <subfield code="y">firestone</subfield>
    </datafield>
  </record>