
  <record>
    <leader>01138cam a2200313M  4500</leader>
    <controlfield tag="005">20240718114942.0</controlfield>
    <controlfield tag="008">830613s1957    enk           000 0 eng  </controlfield>
    <controlfield tag="001">9919563413506421</controlfield>
    <datafield tag="010" ind1=" " ind2=" ">
      <subfield code="a">   59018770  </subfield>
    </datafield>
    <datafield tag="015" ind1=" " ind2=" ">
      <subfield code="a">GB57-5554</subfield>
    </datafield>
    <datafield tag="035" ind1=" " ind2=" ">
      <subfield code="9">CHC6596TS</subfield>
    </datafield>
    <datafield tag="035" ind1=" " ind2=" ">
      <subfield code="a">(NjP)1956341-princetondb</subfield>
    </datafield>
    <datafield tag="035" ind1=" " ind2=" ">
      <subfield code="z">(NjP)Voyager1956341</subfield>
    </datafield>
    <datafield tag="035" ind1=" " ind2=" ">
      <subfield code="z">(NjP)Voyager1956341</subfield>
    </datafield>
    <datafield tag="035" ind1=" " ind2=" ">
      <subfield code="a">(OCoLC)ocm16766216</subfield>
    </datafield>
    <datafield tag="040" ind1=" " ind2=" ">
      <subfield code="a">DLC</subfield>
      <subfield code="b">eng</subfield>
      <subfield code="c">ORZ</subfield>
      <subfield code="d">UKM</subfield>
      <subfield code="d">PUL</subfield>
    </datafield>
    <datafield tag="050" ind1="0" ind2=" ">
      <subfield code="a">Q171</subfield>
      <subfield code="b">.S337 1957</subfield>
    </datafield>
    <datafield tag="082" ind1="0" ind2="4">
      <subfield code="a">508</subfield>
      <subfield code="2">18</subfield>
    </datafield>
    <datafield tag="245" ind1="0" ind2="0">
      <subfield code="a">Science:</subfield>
      <subfield code="b">a course of selected reading by authorities.</subfield>
    </datafield>
    <datafield tag="250" ind1=" " ind2=" ">
      <subfield code="a">[Rev. ed.</subfield>
    </datafield>
    <datafield tag="260" ind1=" " ind2=" ">
      <subfield code="a">Nottingham, Eng.]</subfield>
      <subfield code="b">International University Society,</subfield>
      <subfield code="c">1957.</subfield>
    </datafield>
    <datafield tag="300" ind1=" " ind2=" ">
      <subfield code="a">xxiii, 322 p.</subfield>
      <subfield code="c">24 cm.</subfield>
    </datafield>
    <datafield tag="500" ind1=" " ind2=" ">
      <subfield code="a">Cover-title.</subfield>
    </datafield>
    <datafield tag="650" ind1=" " ind2="0">
      <subfield code="a">Science.</subfield>
      <subfield code="0">http://id.loc.gov/authorities/subjects/sh85118553</subfield>
    </datafield>
    <datafield tag="700" ind1="1" ind2=" ">
      <subfield code="a">Andrade, E. N. da C.</subfield>
      <subfield code="q">(Edward Neville da Costa),</subfield>
      <subfield code="d">1887-1971.</subfield>
      <subfield code="0">http://id.loc.gov/authorities/names/n80020517</subfield>
    </datafield>
    <datafield tag="710" ind1="2" ind2=" ">
      <subfield code="a">International University Society.</subfield>
      <subfield code="0">http://id.loc.gov/authorities/names/n84229963</subfield>
    </datafield>
    <datafield tag="911" ind1=" " ind2=" ">
      <subfield code="a">19981027</subfield>
    </datafield>
    <datafield tag="914" ind1=" " ind2=" ">
      <subfield code="a">(OCoLC)ocm16766216</subfield>
      <subfield code="b">OCoLC</subfield>
      <subfield code="c">match</subfield>
      <subfield code="d">20240710</subfield>
      <subfield code="e">processed</subfield>
      <subfield code="f">16766216</subfield>
    </datafield>
    <datafield tag="945" ind1=" " ind2=" ">
      <subfield code="a">SM</subfield>
      <subfield code="b">1</subfield>
      <subfield code="c">8205.491</subfield>
    </datafield>
    <datafield tag="950" ind1=" " ind2=" ">
      <subfield code="c">2024-07-18 11:49:42 US/Eastern</subfield>
      <subfield code="b">2021-07-12 09:37:33 US/Eastern</subfield>
      <subfield code="a">false</subfield>
    </datafield>
    <datafield tag="852" ind1="8" ind2="0">
      <subfield code="b">recap</subfield>
      <subfield code="c">pa</subfield>
      <subfield code="h">8205.491</subfield>
      <subfield code="8">22493635860006421</subfield>
    </datafield>
    <datafield tag="952" ind1=" " ind2=" ">
      <subfield code="a">2021-07-12 13:37:33</subfield>
      <subfield code="8">22493635860006421</subfield>
      <subfield code="b">ReCAP</subfield>
      <subfield code="c">rcppa: RECAP</subfield>
      <subfield code="e">false</subfield>
    </datafield>
    <datafield tag="876" ind1=" " ind2=" ">
      <subfield code="0">22493635860006421</subfield>
      <subfield code="a">23493635850006421</subfield>
      <subfield code="j">1</subfield>
      <subfield code="z">pa</subfield>
      <subfield code="d">2002-06-05 20:00:00 US/Eastern</subfield>
      <subfield code="p">32101040993816</subfield>
      <subfield code="t">1</subfield>
      <subfield code="y">recap</subfield>
    </datafield>
  </record>