
  <record>
    <leader>01112cam a2200301   4500</leader>
    <controlfield tag="005">20240718113808.0</controlfield>
    <controlfield tag="008">750307s1950    enkac         000 0 eng  </controlfield>
    <controlfield tag="001">9919257233506421</controlfield>
    <datafield tag="010" ind1=" " ind2=" ">
      <subfield code="a">   51001020  </subfield>
    </datafield>
    <datafield tag="015" ind1=" " ind2=" ">
      <subfield code="a">GB50-8853</subfield>
    </datafield>
    <datafield tag="019" ind1=" " ind2=" ">
      <subfield code="a">1204742</subfield>
      <subfield code="a">221048555</subfield>
      <subfield code="a">558127422</subfield>
      <subfield code="a">977556725</subfield>
      <subfield code="a">1089387355</subfield>
      <subfield code="a">1089913337</subfield>
      <subfield code="a">1100168505</subfield>
    </datafield>
    <datafield tag="035" ind1=" " ind2=" ">
      <subfield code="9">CGV4077TS</subfield>
    </datafield>
    <datafield tag="035" ind1=" " ind2=" ">
      <subfield code="a">(NjP)1925723-princetondb</subfield>
    </datafield>
    <datafield tag="035" ind1=" " ind2=" ">
      <subfield code="z">(OCoLC)1204742</subfield>
      <subfield code="z">(OCoLC)221048555</subfield>
      <subfield code="z">(OCoLC)558127422</subfield>
      <subfield code="z">(OCoLC)977556725</subfield>
      <subfield code="z">(OCoLC)1089387355</subfield>
      <subfield code="z">(OCoLC)1089913337</subfield>
      <subfield code="z">(OCoLC)1100168505</subfield>
    </datafield>
    <datafield tag="035" ind1=" " ind2=" ">
      <subfield code="z">(NjP)Voyager1925723</subfield>
    </datafield>
    <datafield tag="035" ind1=" " ind2=" ">
      <subfield code="z">(NjP)Voyager1925723</subfield>
    </datafield>
    <datafield tag="035" ind1=" " ind2=" ">
      <subfield code="a">(OCoLC)ocm40728004</subfield>
    </datafield>
    <datafield tag="040" ind1=" " ind2=" ">
      <subfield code="a">DLC</subfield>
      <subfield code="b">eng</subfield>
      <subfield code="c">YNG</subfield>
      <subfield code="d">SER</subfield>
      <subfield code="d">UKM</subfield>
      <subfield code="d">PUL</subfield>
    </datafield>
    <datafield tag="050" ind1="0" ind2=" ">
      <subfield code="a">Q175</subfield>
      <subfield code="b">.B794</subfield>
    </datafield>
    <datafield tag="082" ind1=" " ind2=" ">
      <subfield code="a">501.8</subfield>
    </datafield>
    <datafield tag="100" ind1="1" ind2=" ">
      <subfield code="a">Brown, Guy Burniston.</subfield>
    </datafield>
    <datafield tag="245" ind1="0" ind2="0">
      <subfield code="a">Science,</subfield>
      <subfield code="b">its method and its philosophy.</subfield>
    </datafield>
    <datafield tag="260" ind1=" " ind2=" ">
      <subfield code="a">London,</subfield>
      <subfield code="b">Allen &amp; Unwin</subfield>
      <subfield code="c">[1950]</subfield>
    </datafield>
    <datafield tag="300" ind1=" " ind2=" ">
      <subfield code="a">189 p.</subfield>
      <subfield code="b">illus., ports.</subfield>
      <subfield code="c">22 cm.</subfield>
    </datafield>
    <datafield tag="650" ind1=" " ind2="0">
      <subfield code="a">Science</subfield>
      <subfield code="x">Methodology.</subfield>
      <subfield code="0">http://id.loc.gov/authorities/subjects/sh85118577</subfield>
    </datafield>
    <datafield tag="911" ind1=" " ind2=" ">
      <subfield code="a">19981027</subfield>
    </datafield>
    <datafield tag="914" ind1=" " ind2=" ">
      <subfield code="a">(OCoLC)ocm40728004</subfield>
      <subfield code="b">OCoLC</subfield>
      <subfield code="c">match</subfield>
      <subfield code="d">20240710</subfield>
      <subfield code="e">processed</subfield>
      <subfield code="f">40728004</subfield>
    </datafield>
    <datafield tag="945" ind1=" " ind2=" ">
      <subfield code="a">SM</subfield>
      <subfield code="b">1</subfield>
      <subfield code="c">8015.214</subfield>
    </datafield>
    <datafield tag="950" ind1=" " ind2=" ">
      <subfield code="c">2024-07-18 11:38:08 US/Eastern</subfield>
      <subfield code="b">2021-07-12 08:24:38 US/Eastern</subfield>
      <subfield code="a">false</subfield>
    </datafield>
    <datafield tag="852" ind1="8" ind2="0">
      <subfield code="b">recap</subfield>
      <subfield code="c">pa</subfield>
      <subfield code="h">8015.2165</subfield>
      <subfield code="8">22480310810006421</subfield>
    </datafield>
    <datafield tag="952" ind1=" " ind2=" ">
      <subfield code="a">2021-07-12 12:24:38</subfield>
      <subfield code="8">22480310810006421</subfield>
      <subfield code="b">ReCAP</subfield>
      <subfield code="c">rcppa: RECAP</subfield>
      <subfield code="e">false</subfield>
    </datafield>
    <datafield tag="876" ind1=" " ind2=" ">
      <subfield code="0">22480310810006421</subfield>
      <subfield code="a">23480310800006421</subfield>
      <subfield code="j">1</subfield>
      <subfield code="z">pa</subfield>
      <subfield code="d">2000-06-12 20:00:00 US/Eastern</subfield>
      <subfield code="p">32101058259647</subfield>
      <subfield code="t">1</subfield>
      <subfield code="y">recap</subfield>
    </datafield>
  </record>