
  <record>
    <leader>01356cam a2200313 a 4500</leader>
    <controlfield tag="005">20240816110437.0</controlfield>
    <controlfield tag="008">931116s1939    nyu           000 0 eng d</controlfield>
    <controlfield tag="001">9916240053506421</controlfield>
    <datafield tag="035" ind1=" " ind2=" ">
      <subfield code="9">CFD4350TS</subfield>
    </datafield>
    <datafield tag="035" ind1=" " ind2=" ">
      <subfield code="a">(NjP)1624005-princetondb</subfield>
    </datafield>
    <datafield tag="035" ind1=" " ind2=" ">
      <subfield code="a">(OCoLC)ocm29333644</subfield>
    </datafield>
    <datafield tag="035" ind1=" " ind2=" ">
      <subfield code="z">(NjP)Voyager1624005</subfield>
    </datafield>
    <datafield tag="040" ind1=" " ind2=" ">
      <subfield code="a">TXH</subfield>
      <subfield code="b">eng</subfield>
      <subfield code="c">TXH</subfield>
      <subfield code="d">PUL</subfield>
    </datafield>
    <datafield tag="130" ind1="0" ind2=" ">
      <subfield code="a">Dreams and images</subfield>
    </datafield>
    <datafield tag="245" ind1="1" ind2="0">
      <subfield code="a">Joyce Kilmer's anthology of Catholic poets.</subfield>
    </datafield>
    <datafield tag="250" ind1=" " ind2=" ">
      <subfield code="a">Black &amp; gold ed.</subfield>
    </datafield>
    <datafield tag="260" ind1=" " ind2=" ">
      <subfield code="a">New York :</subfield>
      <subfield code="b">Liveright Pub. Corp.,</subfield>
      <subfield code="c">c1939.</subfield>
    </datafield>
    <datafield tag="300" ind1=" " ind2=" ">
      <subfield code="a">389 p. ;</subfield>
      <subfield code="c">23 cm.</subfield>
    </datafield>
    <datafield tag="500" ind1=" " ind2=" ">
      <subfield code="a">First published under title: Dreams and images : an anthology of Catholic poets. New York : Boni and Liveright, 1917.</subfield>
    </datafield>
    <datafield tag="500" ind1=" " ind2=" ">
      <subfield code="a">Title on added t.p.: An Anthology of Catholic poets.</subfield>
    </datafield>
    <datafield tag="500" ind1=" " ind2=" ">
      <subfield code="a">1926 edition edited, with supplementary poems, by Shaemas O'Sheel.</subfield>
    </datafield>
    <datafield tag="650" ind1=" " ind2="0">
      <subfield code="a">English poetry</subfield>
      <subfield code="x">Catholic authors.</subfield>
      <subfield code="0">http://id.loc.gov/authorities/subjects/sh85043943</subfield>
    </datafield>
    <datafield tag="650" ind1=" " ind2="0">
      <subfield code="a">American poetry</subfield>
      <subfield code="x">Catholic authors.</subfield>
      <subfield code="0">http://id.loc.gov/authorities/subjects/sh85004392</subfield>
    </datafield>
    <datafield tag="700" ind1="1" ind2=" ">
      <subfield code="a">Kilmer, Joyce,</subfield>
      <subfield code="d">1886-1918.</subfield>
      <subfield code="0">http://id.loc.gov/authorities/names/n50046153</subfield>
    </datafield>
    <datafield tag="740" ind1="0" ind2=" ">
      <subfield code="a">Anthology of Catholic poets.</subfield>
    </datafield>
    <datafield tag="852" ind1="0" ind2=" ">
      <subfield code="b">f</subfield>
      <subfield code="h">PR1195.C4</subfield>
      <subfield code="i">D743 1939</subfield>
      <subfield code="p">1873534</subfield>
      <subfield code="x">reclassed from: 3598.521</subfield>
    </datafield>
    <datafield tag="911" ind1=" " ind2=" ">
      <subfield code="a">19990626</subfield>
    </datafield>
    <datafield tag="914" ind1=" " ind2=" ">
      <subfield code="a">(OCoLC)ocm29333644</subfield>
      <subfield code="b">OCoLC</subfield>
      <subfield code="c">match</subfield>
      <subfield code="d">20221117</subfield>
      <subfield code="e">processed</subfield>
      <subfield code="f">29333644</subfield>
    </datafield>
    <datafield tag="947" ind1=" " ind2=" ">
      <subfield code="a">CFD4350</subfield>
    </datafield>
    <datafield tag="950" ind1=" " ind2=" ">
      <subfield code="c">2024-08-16 11:04:37 US/Eastern</subfield>
      <subfield code="b">2021-07-13 04:15:46 US/Eastern</subfield>
      <subfield code="a">false</subfield>
    </datafield>
    <datafield tag="852" ind1="0" ind2="0">
      <subfield code="b">recap</subfield>
      <subfield code="c">pa</subfield>
      <subfield code="h">PR1195.C4</subfield>
      <subfield code="i">D743 1939</subfield>
      <subfield code="8">22695627040006421</subfield>
    </datafield>
    <datafield tag="952" ind1=" " ind2=" ">
      <subfield code="d">2023-08-16 21:45:09</subfield>
      <subfield code="8">22695627040006421</subfield>
      <subfield code="a">2021-07-13 08:15:46</subfield>
      <subfield code="b">ReCAP</subfield>
      <subfield code="c">rcppa: RECAP</subfield>
      <subfield code="e">false</subfield>
    </datafield>
    <datafield tag="876" ind1=" " ind2=" ">
      <subfield code="0">22695627040006421</subfield>
      <subfield code="a">23695627030006421</subfield>
      <subfield code="j">1</subfield>
      <subfield code="z">pa</subfield>
      <subfield code="d">2000-06-12 20:00:00 US/Eastern</subfield>
      <subfield code="p">32101118020245</subfield>
      <subfield code="t">1</subfield>
      <subfield code="y">recap</subfield>
    </datafield>
  </record>