
  <record>
    <leader>01201cam a2200253   4500</leader>
    <controlfield tag="005">20240711054635.0</controlfield>
    <controlfield tag="008">810813s1937    wiu           000 0 eng d</controlfield>
    <controlfield tag="001">9915801023506421</controlfield>
    <datafield tag="035" ind1=" " ind2=" ">
      <subfield code="9">CEY8075TS</subfield>
    </datafield>
    <datafield tag="035" ind1=" " ind2=" ">
      <subfield code="a">(NjP)1580102-princetondb</subfield>
    </datafield>
    <datafield tag="035" ind1=" " ind2=" ">
      <subfield code="z">(NjP)Voyager1580102</subfield>
    </datafield>
    <datafield tag="035" ind1=" " ind2=" ">
      <subfield code="a">(OCoLC)ocm07665405</subfield>
    </datafield>
    <datafield tag="040" ind1=" " ind2=" ">
      <subfield code="a">VIC</subfield>
      <subfield code="b">eng</subfield>
      <subfield code="c">VIC</subfield>
      <subfield code="d">PUL</subfield>
    </datafield>
    <datafield tag="110" ind1="2" ind2=" ">
      <subfield code="a">Campion Jesuit High School (Prairie du Chien, Wis.)</subfield>
      <subfield code="0">http://id.loc.gov/authorities/names/n88634406</subfield>
    </datafield>
    <datafield tag="245" ind1="1" ind2="0">
      <subfield code="a">Kilmer and Campion.</subfield>
      <subfield code="c">Campion Jesuit High School, Prairie du Chien, Wisconsin.</subfield>
    </datafield>
    <datafield tag="260" ind1=" " ind2=" ">
      <subfield code="a">[Prairie du Chien, Wis.,</subfield>
      <subfield code="b">Printed by Howe Print. Co.,</subfield>
      <subfield code="c">1937?]</subfield>
    </datafield>
    <datafield tag="300" ind1=" " ind2=" ">
      <subfield code="a">103 p.,</subfield>
      <subfield code="b">illus., plates, ports.</subfield>
      <subfield code="c">24 cm.</subfield>
    </datafield>
    <datafield tag="500" ind1=" " ind2=" ">
      <subfield code="a">Campion's tribute to Joyce Kilmer in connection with the dedication of the Joyce Kilmer Memorial Library. cf. Foreword.</subfield>
    </datafield>
    <datafield tag="610" ind1="2" ind2="0">
      <subfield code="a">Campion Jesuit High School (Prairie du Chien, Wis.)</subfield>
      <subfield code="0">http://id.loc.gov/authorities/names/n88634406</subfield>
    </datafield>
    <datafield tag="600" ind1="1" ind2="0">
      <subfield code="a">Kilmer, Joyce,</subfield>
      <subfield code="d">1886-1918.</subfield>
      <subfield code="0">http://id.loc.gov/authorities/names/n50046153</subfield>
    </datafield>
    <datafield tag="852" ind1="0" ind2=" ">
      <subfield code="b">f</subfield>
      <subfield code="h">PS3521.I38</subfield>
      <subfield code="i">Z654 1937</subfield>
      <subfield code="p">1818480</subfield>
      <subfield code="x">reclassed from: 3812.42.614</subfield>
    </datafield>
    <datafield tag="911" ind1=" " ind2=" ">
      <subfield code="a">19991015</subfield>
    </datafield>
    <datafield tag="914" ind1=" " ind2=" ">
      <subfield code="a">(OCoLC)ocm07665405</subfield>
      <subfield code="b">OCoLC</subfield>
      <subfield code="c">match</subfield>
      <subfield code="d">20240710</subfield>
      <subfield code="e">processed</subfield>
      <subfield code="f">7665405</subfield>
    </datafield>
    <datafield tag="947" ind1=" " ind2=" ">
      <subfield code="a">CEY8075</subfield>
    </datafield>
    <datafield tag="950" ind1=" " ind2=" ">
      <subfield code="c">2024-07-11 05:46:35 US/Eastern</subfield>
      <subfield code="b">2021-07-12 13:11:22 US/Eastern</subfield>
      <subfield code="a">false</subfield>
    </datafield>
    <datafield tag="852" ind1="0" ind2="0">
      <subfield code="b">firestone</subfield>
      <subfield code="c">stacks</subfield>
      <subfield code="h">PS3521.I38</subfield>
      <subfield code="i">Z654 1937</subfield>
      <subfield code="8">22532330940006421</subfield>
    </datafield>
    <datafield tag="952" ind1=" " ind2=" ">
      <subfield code="a">2021-07-12 17:11:22</subfield>
      <subfield code="8">22532330940006421</subfield>
      <subfield code="b">Firestone Library</subfield>
      <subfield code="c">stacks: Firestone Library</subfield>
      <subfield code="e">false</subfield>
    </datafield>
    <datafield tag="876" ind1=" " ind2=" ">
      <subfield code="0">22532330940006421</subfield>
      <subfield code="a">23532330930006421</subfield>
      <subfield code="j">1</subfield>
      <subfield code="z">stacks</subfield>
      <subfield code="d">2000-06-12 20:00:00 US/Eastern</subfield>
      <subfield code="p">32101013366206</subfield>
      <subfield code="t">1</subfield>
      <subfield code="y">firestone</subfield>
    </datafield>
  </record>