
  <record>
    <leader>01111cam a2200289 i 4500</leader>
    <controlfield tag="005">20240815093047.0</controlfield>
    <controlfield tag="008">770914s1977    dcu           000 0 eng  </controlfield>
    <controlfield tag="001">9914906883506421</controlfield>
    <datafield tag="010" ind1=" " ind2=" ">
      <subfield code="a">   77081904 //r85 </subfield>
    </datafield>
    <datafield tag="020" ind1=" " ind2=" ">
      <subfield code="a">030902630X</subfield>
    </datafield>
    <datafield tag="035" ind1=" " ind2=" ">
      <subfield code="9">CEP6211TS</subfield>
    </datafield>
    <datafield tag="035" ind1=" " ind2=" ">
      <subfield code="a">(NjP)1490688-princetondb</subfield>
    </datafield>
    <datafield tag="035" ind1=" " ind2=" ">
      <subfield code="a">(OCoLC)ocm03311938</subfield>
    </datafield>
    <datafield tag="035" ind1=" " ind2=" ">
      <subfield code="z">(NjP)Voyager1490688</subfield>
    </datafield>
    <datafield tag="040" ind1=" " ind2=" ">
      <subfield code="a">DLC</subfield>
      <subfield code="b">eng</subfield>
      <subfield code="c">DLC</subfield>
      <subfield code="d">PUL</subfield>
    </datafield>
    <datafield tag="043" ind1=" " ind2=" ">
      <subfield code="a">n-us---</subfield>
    </datafield>
    <datafield tag="050" ind1="0" ind2=" ">
      <subfield code="a">Q175.52.U5</subfield>
      <subfield code="b">S32</subfield>
    </datafield>
    <datafield tag="082" ind1=" " ind2=" ">
      <subfield code="a">301.24/3</subfield>
    </datafield>
    <datafield tag="245" ind1="0" ind2="0">
      <subfield code="a">Science :</subfield>
      <subfield code="b">an American Bicentennial view : commentaries from a series of Academy forums.</subfield>
    </datafield>
    <datafield tag="260" ind1=" " ind2=" ">
      <subfield code="a">Washington :</subfield>
      <subfield code="b">National Academy of Sciences,</subfield>
      <subfield code="c">1977.</subfield>
    </datafield>
    <datafield tag="300" ind1=" " ind2=" ">
      <subfield code="a">vii, 108 p. ;</subfield>
      <subfield code="c">23 cm.</subfield>
    </datafield>
    <datafield tag="650" ind1=" " ind2="0">
      <subfield code="a">Science</subfield>
      <subfield code="x">Social aspects</subfield>
      <subfield code="z">United States.</subfield>
      <subfield code="0">http://id.loc.gov/authorities/subjects/sh2008111320</subfield>
    </datafield>
    <datafield tag="650" ind1=" " ind2="0">
      <subfield code="a">Technology</subfield>
      <subfield code="x">Social aspects</subfield>
      <subfield code="z">United States.</subfield>
      <subfield code="0">http://id.loc.gov/authorities/subjects/sh2008112687</subfield>
    </datafield>
    <datafield tag="710" ind1="2" ind2=" ">
      <subfield code="a">National Academy of Sciences (U.S.)</subfield>
      <subfield code="0">http://id.loc.gov/authorities/names/n79056514</subfield>
    </datafield>
    <datafield tag="911" ind1=" " ind2=" ">
      <subfield code="a">19990113</subfield>
    </datafield>
    <datafield tag="914" ind1=" " ind2=" ">
      <subfield code="a">(OCoLC)ocm03311938</subfield>
      <subfield code="b">OCoLC</subfield>
      <subfield code="c">match</subfield>
      <subfield code="d">20221117</subfield>
      <subfield code="e">processed</subfield>
      <subfield code="f">3311938</subfield>
    </datafield>
    <datafield tag="947" ind1=" " ind2=" ">
      <subfield code="a">CEP6211</subfield>
    </datafield>
    <datafield tag="950" ind1=" " ind2=" ">
      <subfield code="c">2024-08-15 09:30:47 US/Eastern</subfield>
      <subfield code="b">2021-07-12 10:23:24 US/Eastern</subfield>
      <subfield code="a">false</subfield>
    </datafield>
    <datafield tag="852" ind1="0" ind2="0">
      <subfield code="b">annex</subfield>
      <subfield code="c">fst</subfield>
      <subfield code="h">Q175.52.U5</subfield>
      <subfield code="i">S32</subfield>
      <subfield code="8">22501937220006421</subfield>
    </datafield>
    <datafield tag="952" ind1=" " ind2=" ">
      <subfield code="a">2021-07-12 14:23:24</subfield>
      <subfield code="8">22501937220006421</subfield>
      <subfield code="b">Forrestal Annex</subfield>
      <subfield code="c">fst: Annex A Staging (anxafst)</subfield>
      <subfield code="e">false</subfield>
    </datafield>
    <datafield tag="876" ind1=" " ind2=" ">
      <subfield code="0">22501937220006421</subfield>
      <subfield code="a">23501937210006421</subfield>
      <subfield code="j">1</subfield>
      <subfield code="z">fst</subfield>
      <subfield code="d">2000-06-12 20:00:00 US/Eastern</subfield>
      <subfield code="p">32101007527995</subfield>
      <subfield code="t">1</subfield>
      <subfield code="y">annex</subfield>
    </datafield>
  </record>