
  <record>
    <leader>02263cam a2200325   4500</leader>
    <controlfield tag="005">20240718122639.0</controlfield>
    <controlfield tag="008">771118s1917    nyu           000 0 eng  </controlfield>
    <controlfield tag="001">9914530963506421</controlfield>
    <datafield tag="010" ind1=" " ind2=" ">
      <subfield code="a">   17013416  </subfield>
    </datafield>
    <datafield tag="019" ind1=" " ind2=" ">
      <subfield code="a">22583004</subfield>
    </datafield>
    <datafield tag="035" ind1=" " ind2=" ">
      <subfield code="9">CEK8025TS</subfield>
    </datafield>
    <datafield tag="035" ind1=" " ind2=" ">
      <subfield code="a">(NjP)1453096-princetondb</subfield>
    </datafield>
    <datafield tag="035" ind1=" " ind2=" ">
      <subfield code="z">(OCoLC)22583004</subfield>
    </datafield>
    <datafield tag="035" ind1=" " ind2=" ">
      <subfield code="z">(NjP)Voyager1453096</subfield>
    </datafield>
    <datafield tag="035" ind1=" " ind2=" ">
      <subfield code="a">(OCoLC)ocm03430976</subfield>
    </datafield>
    <datafield tag="040" ind1=" " ind2=" ">
      <subfield code="a">DLC</subfield>
      <subfield code="b">eng</subfield>
      <subfield code="c">KKU</subfield>
      <subfield code="d">OCL</subfield>
      <subfield code="d">SER</subfield>
      <subfield code="d">ORX</subfield>
      <subfield code="d">OCL</subfield>
      <subfield code="d">PUL</subfield>
    </datafield>
    <datafield tag="043" ind1=" " ind2=" ">
      <subfield code="a">n-us---</subfield>
    </datafield>
    <datafield tag="050" ind1="0" ind2=" ">
      <subfield code="a">PN94</subfield>
      <subfield code="b">.K5</subfield>
    </datafield>
    <datafield tag="092" ind1=" " ind2=" ">
      <subfield code="a">810.9</subfield>
      <subfield code="b">K48</subfield>
    </datafield>
    <datafield tag="100" ind1="1" ind2=" ">
      <subfield code="a">Kilmer, Joyce,</subfield>
      <subfield code="d">1886-1918.</subfield>
      <subfield code="0">http://id.loc.gov/authorities/names/n50046153</subfield>
    </datafield>
    <datafield tag="245" ind1="1" ind2="0">
      <subfield code="a">Literature in the making, by some of its makers,</subfield>
      <subfield code="c">presented by Joyce Kilmer.</subfield>
    </datafield>
    <datafield tag="260" ind1=" " ind2=" ">
      <subfield code="a">New York,</subfield>
      <subfield code="a">London,</subfield>
      <subfield code="b">Harper &amp; Brothers</subfield>
      <subfield code="c">[c1917]</subfield>
    </datafield>
    <datafield tag="300" ind1=" " ind2=" ">
      <subfield code="a">9 p. ., 3-318, [1] p.</subfield>
      <subfield code="c">19 cm.</subfield>
    </datafield>
    <datafield tag="505" ind1="0" ind2=" ">
      <subfield code="a">War stops literature: William Dean Howells.--The joys of the poor: Kathleen Norris.--National prosperity and art: Booth Tarkington.--Romanticism and American humor: Montague Glass.--The "movies" benefit literature: Rex Beach.--What is genius? by Robert W. Chambers.--Deterioration of the short story: James Lane Allen.--Some harmful influences: Harry Leon Wilson.--The passing of the snob: Edward S. Martin.--Commercializing the sex instinct: Robert Herrick.--Sixteen don'ts for poets: Arthur Guiterman.--Magazines cheapen fiction: George Barr McCutcheon.--Business incompatible with art: Frank H. Spearman.--The novel must go: Will N. Harben.--Literature in the colleges: John Erskine.--City life versus literature: John Burroughs.--"Evasive idealism" in literature: Ellen Glasgow.--"Chocolate fudge" in the magazine: Fannie Hurst.--The new spirit in poetry: Amy Lowell.--A new definition of poetry: Edwin Arlington Robinson.--Let poetry be free: Josephine Preston Peabody.--The heresy of supermanism; Charles Rann Kennedy.--The masque and democracy: Percy Mackaye.</subfield>
    </datafield>
    <datafield tag="650" ind1=" " ind2="0">
      <subfield code="a">American literature</subfield>
      <subfield code="x">History and criticism.</subfield>
      <subfield code="0">http://id.loc.gov/authorities/subjects/sh85004351</subfield>
    </datafield>
    <datafield tag="650" ind1=" " ind2="0">
      <subfield code="a">Authors, American.</subfield>
      <subfield code="0">http://id.loc.gov/authorities/subjects/sh85009808</subfield>
    </datafield>
    <datafield tag="852" ind1="0" ind2=" ">
      <subfield code="b">f</subfield>
      <subfield code="h">PN94</subfield>
      <subfield code="i">.K5 1917</subfield>
      <subfield code="p">1665870</subfield>
      <subfield code="x">reclassed from: 3007.521</subfield>
    </datafield>
    <datafield tag="911" ind1=" " ind2=" ">
      <subfield code="a">19990626</subfield>
    </datafield>
    <datafield tag="914" ind1=" " ind2=" ">
      <subfield code="a">(OCoLC)ocm03430976</subfield>
      <subfield code="b">OCoLC</subfield>
      <subfield code="c">match</subfield>
      <subfield code="d">20240710</subfield>
      <subfield code="e">processed</subfield>
      <subfield code="f">3430976</subfield>
    </datafield>
    <datafield tag="947" ind1=" " ind2=" ">
      <subfield code="a">CEK8025</subfield>
    </datafield>
    <datafield tag="950" ind1=" " ind2=" ">
      <subfield code="c">2024-07-18 12:26:39 US/Eastern</subfield>
      <subfield code="b">2021-07-13 05:48:02 US/Eastern</subfield>
      <subfield code="a">false</subfield>
    </datafield>
    <datafield tag="852" ind1="0" ind2="0">
      <subfield code="b">recap</subfield>
      <subfield code="c">pa</subfield>
      <subfield code="h">PN94</subfield>
      <subfield code="i">.K5 1917</subfield>
      <subfield code="8">22712213610006421</subfield>
    </datafield>
    <datafield tag="952" ind1=" " ind2=" ">
      <subfield code="a">2021-07-13 09:48:02</subfield>
      <subfield code="8">22712213610006421</subfield>
      <subfield code="b">ReCAP</subfield>
      <subfield code="c">rcppa: RECAP</subfield>
      <subfield code="e">false</subfield>
    </datafield>
    <datafield tag="876" ind1=" " ind2=" ">
      <subfield code="0">22712213610006421</subfield>
      <subfield code="a">23712213600006421</subfield>
      <subfield code="j">1</subfield>
      <subfield code="z">pa</subfield>
      <subfield code="d">2000-06-12 20:00:00 US/Eastern</subfield>
      <subfield code="p">32101085648267</subfield>
      <subfield code="t">1</subfield>
      <subfield code="y">recap</subfield>
    </datafield>
  </record>