
  <record>
    <leader>01349cam a2200253 i 4500</leader>
    <controlfield tag="005">20240718111119.0</controlfield>
    <controlfield tag="008">780320s1977    couac         000 0 eng d</controlfield>
    <controlfield tag="001">9913984743506421</controlfield>
    <datafield tag="035" ind1=" " ind2=" ">
      <subfield code="9">CEE2602TS</subfield>
    </datafield>
    <datafield tag="035" ind1=" " ind2=" ">
      <subfield code="a">(NjP)1398474-princetondb</subfield>
    </datafield>
    <datafield tag="035" ind1=" " ind2=" ">
      <subfield code="z">(NjP)Voyager1398474</subfield>
    </datafield>
    <datafield tag="035" ind1=" " ind2=" ">
      <subfield code="a">(OCoLC)ocm03732703</subfield>
    </datafield>
    <datafield tag="040" ind1=" " ind2=" ">
      <subfield code="a">CWR</subfield>
      <subfield code="b">eng</subfield>
      <subfield code="c">CWR</subfield>
      <subfield code="d">OCL</subfield>
      <subfield code="d">PUL</subfield>
    </datafield>
    <datafield tag="100" ind1="1" ind2=" ">
      <subfield code="a">Zuckerman, Solly,</subfield>
      <subfield code="c">Baron,</subfield>
      <subfield code="d">1904-1993.</subfield>
      <subfield code="0">http://id.loc.gov/authorities/names/n50015722</subfield>
    </datafield>
    <datafield tag="245" ind1="1" ind2="0">
      <subfield code="a">Science :</subfield>
      <subfield code="b">key to our political future /</subfield>
      <subfield code="c">Lord Zuckerman, Charles J. Hitch, George W. Ball ; introduction by Ian MacGregor ; papers presented at a symposium, 143rd annual meeting of the American Association for the Advancement of Science, Denver, February 22, 1977.</subfield>
    </datafield>
    <datafield tag="260" ind1=" " ind2=" ">
      <subfield code="a">[Denver, Colorado? :</subfield>
      <subfield code="b">American Association for the Advancement of Science?,</subfield>
      <subfield code="c">1977?]</subfield>
    </datafield>
    <datafield tag="300" ind1=" " ind2=" ">
      <subfield code="a">67 p. :</subfield>
      <subfield code="b">ill., ports. ;</subfield>
      <subfield code="c">23 cm.</subfield>
    </datafield>
    <datafield tag="650" ind1=" " ind2="0">
      <subfield code="a">Science</subfield>
      <subfield code="x">Social aspects.</subfield>
      <subfield code="0">http://id.loc.gov/authorities/subjects/sh85118585</subfield>
    </datafield>
    <datafield tag="700" ind1="1" ind2=" ">
      <subfield code="a">Hitch, Charles Johnston.</subfield>
      <subfield code="0">http://id.loc.gov/authorities/names/n50034218</subfield>
    </datafield>
    <datafield tag="700" ind1="1" ind2=" ">
      <subfield code="a">Ball, George W.</subfield>
      <subfield code="0">http://id.loc.gov/authorities/names/n50017234</subfield>
    </datafield>
    <datafield tag="710" ind1="2" ind2=" ">
      <subfield code="a">American Association for the Advancement of Science.</subfield>
      <subfield code="0">http://id.loc.gov/authorities/names/n79053772</subfield>
    </datafield>
    <datafield tag="911" ind1=" " ind2=" ">
      <subfield code="a">19990113</subfield>
    </datafield>
    <datafield tag="914" ind1=" " ind2=" ">
      <subfield code="a">(OCoLC)ocm03732703</subfield>
      <subfield code="b">OCoLC</subfield>
      <subfield code="c">match</subfield>
      <subfield code="d">20240710</subfield>
      <subfield code="e">processed</subfield>
      <subfield code="f">3732703</subfield>
    </datafield>
    <datafield tag="947" ind1=" " ind2=" ">
      <subfield code="a">CEE2602</subfield>
    </datafield>
    <datafield tag="950" ind1=" " ind2=" ">
      <subfield code="c">2024-07-18 11:11:19 US/Eastern</subfield>
      <subfield code="b">2021-07-12 23:48:18 US/Eastern</subfield>
      <subfield code="a">false</subfield>
    </datafield>
    <datafield tag="852" ind1="0" ind2="0">
      <subfield code="b">recap</subfield>
      <subfield code="c">pa</subfield>
      <subfield code="h">Q175.5</subfield>
      <subfield code="i">.xZ835</subfield>
      <subfield code="8">22647976840006421</subfield>
    </datafield>
    <datafield tag="952" ind1=" " ind2=" ">
      <subfield code="a">2021-07-13 03:48:18</subfield>
      <subfield code="8">22647976840006421</subfield>
      <subfield code="b">ReCAP</subfield>
      <subfield code="c">rcppa: RECAP</subfield>
      <subfield code="e">false</subfield>
    </datafield>
    <datafield tag="876" ind1=" " ind2=" ">
      <subfield code="0">22647976840006421</subfield>
      <subfield code="a">23647976830006421</subfield>
      <subfield code="j">1</subfield>
      <subfield code="z">pa</subfield>
      <subfield code="d">2000-06-12 20:00:00 US/Eastern</subfield>
      <subfield code="p">32101113671349</subfield>
      <subfield code="t">1</subfield>
      <subfield code="y">recap</subfield>
    </datafield>
  </record>