
  <record>
    <leader>01053cam a2200265   4500</leader>
    <controlfield tag="005">20240718124845.0</controlfield>
    <controlfield tag="008">750909s1913    mau           000 0 eng  </controlfield>
    <controlfield tag="001">9913828793506421</controlfield>
    <datafield tag="010" ind1=" " ind2=" ">
      <subfield code="a">   13023639  </subfield>
    </datafield>
    <datafield tag="035" ind1=" " ind2=" ">
      <subfield code="9">CEC6796TS</subfield>
    </datafield>
    <datafield tag="035" ind1=" " ind2=" ">
      <subfield code="a">(NjP)1382879-princetondb</subfield>
    </datafield>
    <datafield tag="035" ind1=" " ind2=" ">
      <subfield code="z">(NjP)Voyager1382879</subfield>
    </datafield>
    <datafield tag="035" ind1=" " ind2=" ">
      <subfield code="a">(OCoLC)ocm01612522</subfield>
    </datafield>
    <datafield tag="040" ind1=" " ind2=" ">
      <subfield code="a">DLC</subfield>
      <subfield code="b">eng</subfield>
      <subfield code="c">DZM</subfield>
      <subfield code="d">OCL</subfield>
      <subfield code="d">PUL</subfield>
    </datafield>
    <datafield tag="050" ind1="0" ind2=" ">
      <subfield code="a">PS614</subfield>
      <subfield code="b">.R5</subfield>
    </datafield>
    <datafield tag="092" ind1=" " ind2=" ">
      <subfield code="a">811.08</subfield>
      <subfield code="b">R613l</subfield>
    </datafield>
    <datafield tag="100" ind1="1" ind2=" ">
      <subfield code="a">Rittenhouse, Jessie B.</subfield>
      <subfield code="q">(Jessie Belle),</subfield>
      <subfield code="d">1869-1948.</subfield>
      <subfield code="0">http://id.loc.gov/authorities/names/n50054867</subfield>
    </datafield>
    <datafield tag="245" ind1="0" ind2="4">
      <subfield code="a">The little book of modern verse;</subfield>
      <subfield code="b">a selection from the work of contemporaneous American poets,</subfield>
      <subfield code="c">ed. by Jessie B. Rittenhouse...</subfield>
    </datafield>
    <datafield tag="260" ind1=" " ind2=" ">
      <subfield code="a">Boston</subfield>
      <subfield code="a">and New York,</subfield>
      <subfield code="b">Houghton Mifflin company,</subfield>
      <subfield code="c">1913.</subfield>
    </datafield>
    <datafield tag="300" ind1=" " ind2=" ">
      <subfield code="a">xvi, 211 p.</subfield>
      <subfield code="c">17 cm.</subfield>
    </datafield>
    <datafield tag="650" ind1=" " ind2="0">
      <subfield code="a">American poetry.</subfield>
      <subfield code="0">http://id.loc.gov/authorities/subjects/sh85004382</subfield>
    </datafield>
    <datafield tag="852" ind1="0" ind2=" ">
      <subfield code="b">f</subfield>
      <subfield code="h">PS614</subfield>
      <subfield code="i">.R5 1913</subfield>
      <subfield code="p">1587590</subfield>
      <subfield code="x">reclassed from: 3588.775.3</subfield>
    </datafield>
    <datafield tag="911" ind1=" " ind2=" ">
      <subfield code="a">19990626</subfield>
    </datafield>
    <datafield tag="914" ind1=" " ind2=" ">
      <subfield code="a">(OCoLC)ocm01612522</subfield>
      <subfield code="b">OCoLC</subfield>
      <subfield code="c">match</subfield>
      <subfield code="d">20240717</subfield>
      <subfield code="e">processed</subfield>
      <subfield code="f">1612522</subfield>
    </datafield>
    <datafield tag="947" ind1=" " ind2=" ">
      <subfield code="a">CEC6796</subfield>
    </datafield>
    <datafield tag="950" ind1=" " ind2=" ">
      <subfield code="c">2024-07-18 12:48:45 US/Eastern</subfield>
      <subfield code="b">2021-07-12 15:47:21 US/Eastern</subfield>
      <subfield code="a">false</subfield>
    </datafield>
    <datafield tag="852" ind1="0" ind2="0">
      <subfield code="b">recap</subfield>
      <subfield code="c">pa</subfield>
      <subfield code="h">PS614</subfield>
      <subfield code="i">.R5 1913</subfield>
      <subfield code="8">22560868820006421</subfield>
    </datafield>
    <datafield tag="952" ind1=" " ind2=" ">
      <subfield code="a">2021-07-12 19:47:21</subfield>
      <subfield code="8">22560868820006421</subfield>
      <subfield code="b">ReCAP</subfield>
      <subfield code="c">rcppa: RECAP</subfield>
      <subfield code="e">false</subfield>
    </datafield>
    <datafield tag="876" ind1=" " ind2=" ">
      <subfield code="0">22560868820006421</subfield>
      <subfield code="a">23560868810006421</subfield>
      <subfield code="j">1</subfield>
      <subfield code="z">pa</subfield>
      <subfield code="d">2000-06-12 20:00:00 US/Eastern</subfield>
      <subfield code="p">32101094902309</subfield>
      <subfield code="t">1</subfield>
      <subfield code="y">recap</subfield>
    </datafield>
  </record>