
  <record>
    <leader>01142cam a2200265 a 4500</leader>
    <controlfield tag="005">20240725042220.0</controlfield>
    <controlfield tag="008">840718s1934    nyu           001 0 eng d</controlfield>
    <controlfield tag="001">9913821153506421</controlfield>
    <datafield tag="035" ind1=" " ind2=" ">
      <subfield code="9">CEC6019TS</subfield>
    </datafield>
    <datafield tag="035" ind1=" " ind2=" ">
      <subfield code="a">(NjP)1382115-princetondb</subfield>
    </datafield>
    <datafield tag="035" ind1=" " ind2=" ">
      <subfield code="z">(NjP)Voyager1382115</subfield>
    </datafield>
    <datafield tag="035" ind1=" " ind2=" ">
      <subfield code="a">(OCoLC)ocm10964006</subfield>
    </datafield>
    <datafield tag="040" ind1=" " ind2=" ">
      <subfield code="a">CSF</subfield>
      <subfield code="b">eng</subfield>
      <subfield code="c">CSF</subfield>
      <subfield code="d">OCL</subfield>
      <subfield code="d">ERE</subfield>
      <subfield code="d">PUL</subfield>
    </datafield>
    <datafield tag="245" ind1="0" ind2="4">
      <subfield code="a">The Smart Set anthology of world famous authors /</subfield>
      <subfield code="c">edited by Burton Rascoe and Groff Conklin.</subfield>
    </datafield>
    <datafield tag="260" ind1=" " ind2=" ">
      <subfield code="a">New York :</subfield>
      <subfield code="b">Halcyon House,</subfield>
      <subfield code="c">c1934.</subfield>
    </datafield>
    <datafield tag="300" ind1=" " ind2=" ">
      <subfield code="a">xlviii, 844 p. ;</subfield>
      <subfield code="c">23 cm.</subfield>
    </datafield>
    <datafield tag="500" ind1=" " ind2=" ">
      <subfield code="a">Includes index.</subfield>
    </datafield>
    <datafield tag="650" ind1=" " ind2="0">
      <subfield code="a">American literature</subfield>
      <subfield code="y">20th century.</subfield>
      <subfield code="0">http://id.loc.gov/authorities/subjects/sh85004341</subfield>
    </datafield>
    <datafield tag="650" ind1=" " ind2="0">
      <subfield code="a">English literature</subfield>
      <subfield code="y">20th century.</subfield>
      <subfield code="0">http://id.loc.gov/authorities/subjects/sh85043783</subfield>
    </datafield>
    <datafield tag="700" ind1="1" ind2=" ">
      <subfield code="a">Rascoe, Burton,</subfield>
      <subfield code="d">1892-1957.</subfield>
      <subfield code="0">http://id.loc.gov/authorities/names/n50053976</subfield>
    </datafield>
    <datafield tag="700" ind1="1" ind2=" ">
      <subfield code="a">Conklin, Groff,</subfield>
      <subfield code="d">1904-1968.</subfield>
      <subfield code="0">http://id.loc.gov/authorities/names/n79106644</subfield>
    </datafield>
    <datafield tag="852" ind1="0" ind2=" ">
      <subfield code="b">f</subfield>
      <subfield code="h">PS221</subfield>
      <subfield code="i">.S637 1934</subfield>
      <subfield code="p">1586741</subfield>
      <subfield code="x">reclassed from: 3588.86235</subfield>
    </datafield>
    <datafield tag="911" ind1=" " ind2=" ">
      <subfield code="a">19990626</subfield>
    </datafield>
    <datafield tag="914" ind1=" " ind2=" ">
      <subfield code="a">(OCoLC)ocm10964006</subfield>
      <subfield code="b">OCoLC</subfield>
      <subfield code="c">match</subfield>
      <subfield code="d">20240717</subfield>
      <subfield code="e">processed</subfield>
      <subfield code="f">10964006</subfield>
    </datafield>
    <datafield tag="947" ind1=" " ind2=" ">
      <subfield code="a">CEC6019</subfield>
    </datafield>
    <datafield tag="950" ind1=" " ind2=" ">
      <subfield code="c">2024-07-25 04:22:20 US/Eastern</subfield>
      <subfield code="b">2021-07-12 15:47:37 US/Eastern</subfield>
      <subfield code="a">false</subfield>
    </datafield>
    <datafield tag="852" ind1="0" ind2="0">
      <subfield code="b">recap</subfield>
      <subfield code="c">pa</subfield>
      <subfield code="h">PS221</subfield>
      <subfield code="i">.S637 1934</subfield>
      <subfield code="8">22560926170006421</subfield>
    </datafield>
    <datafield tag="952" ind1=" " ind2=" ">
      <subfield code="a">2021-07-12 19:47:37</subfield>
      <subfield code="8">22560926170006421</subfield>
      <subfield code="b">ReCAP</subfield>
      <subfield code="c">rcppa: RECAP</subfield>
      <subfield code="e">false</subfield>
    </datafield>
    <datafield tag="876" ind1=" " ind2=" ">
      <subfield code="0">22560926170006421</subfield>
      <subfield code="a">23560926160006421</subfield>
      <subfield code="j">1</subfield>
      <subfield code="z">pa</subfield>
      <subfield code="d">2000-06-12 20:00:00 US/Eastern</subfield>
      <subfield code="p">32101099827774</subfield>
      <subfield code="t">1</subfield>
      <subfield code="y">recap</subfield>
    </datafield>
  </record>