
  <record>
    <leader>01493cam a2200325   4500</leader>
    <controlfield tag="005">20240718123336.0</controlfield>
    <controlfield tag="008">750124s1932    nyu      b    000 0deng  </controlfield>
    <controlfield tag="001">9913636433506421</controlfield>
    <datafield tag="010" ind1=" " ind2=" ">
      <subfield code="a">   32028029  </subfield>
    </datafield>
    <datafield tag="035" ind1=" " ind2=" ">
      <subfield code="9">CEA7279TS</subfield>
    </datafield>
    <datafield tag="035" ind1=" " ind2=" ">
      <subfield code="a">(NjP)1363643-princetondb</subfield>
    </datafield>
    <datafield tag="035" ind1=" " ind2=" ">
      <subfield code="z">(NjP)Voyager1363643</subfield>
    </datafield>
    <datafield tag="035" ind1=" " ind2=" ">
      <subfield code="a">(OCoLC)ocm01151140</subfield>
    </datafield>
    <datafield tag="040" ind1=" " ind2=" ">
      <subfield code="a">DLC</subfield>
      <subfield code="b">eng</subfield>
      <subfield code="c">TOL</subfield>
      <subfield code="d">OCL</subfield>
      <subfield code="d">SER</subfield>
      <subfield code="d">PUL</subfield>
    </datafield>
    <datafield tag="050" ind1="0" ind2=" ">
      <subfield code="a">PR1225</subfield>
      <subfield code="b">.M6 1932</subfield>
    </datafield>
    <datafield tag="082" ind1=" " ind2=" ">
      <subfield code="a">821.910822</subfield>
    </datafield>
    <datafield tag="100" ind1="1" ind2=" ">
      <subfield code="a">Monroe, Harriet,</subfield>
      <subfield code="d">1860-1936</subfield>
      <subfield code="e">editor.</subfield>
      <subfield code="0">http://id.loc.gov/authorities/names/n50003790</subfield>
    </datafield>
    <datafield tag="245" ind1="1" ind2="4">
      <subfield code="a">The new poetry;</subfield>
      <subfield code="b">an anthology of twentieth-century verse in English;</subfield>
      <subfield code="c">edited by Harriet Monroe ... and Alice Corbin Henderson.</subfield>
    </datafield>
    <datafield tag="250" ind1=" " ind2=" ">
      <subfield code="a">New ed., rev. and enl.</subfield>
      <subfield code="b">by H.M., with biographical and critical notes.</subfield>
    </datafield>
    <datafield tag="260" ind1=" " ind2=" ">
      <subfield code="a">New York,</subfield>
      <subfield code="b">The Macmillan Company,</subfield>
      <subfield code="c">1932.</subfield>
    </datafield>
    <datafield tag="300" ind1=" " ind2=" ">
      <subfield code="a">lii p., 1 ., 775 p.</subfield>
      <subfield code="c">23 cm.</subfield>
    </datafield>
    <datafield tag="504" ind1=" " ind2=" ">
      <subfield code="a">"Biographical notes with bibliographies": p. 687-775.</subfield>
    </datafield>
    <datafield tag="650" ind1=" " ind2="0">
      <subfield code="a">American poetry</subfield>
      <subfield code="y">20th century.</subfield>
      <subfield code="0">http://id.loc.gov/authorities/subjects/sh85004387</subfield>
    </datafield>
    <datafield tag="650" ind1=" " ind2="0">
      <subfield code="a">English poetry</subfield>
      <subfield code="y">20th century.</subfield>
      <subfield code="0">http://id.loc.gov/authorities/subjects/sh85043938</subfield>
    </datafield>
    <datafield tag="700" ind1="1" ind2=" ">
      <subfield code="a">Henderson, Alice Corbin,</subfield>
      <subfield code="d">1881-1949,</subfield>
      <subfield code="e">editor.</subfield>
      <subfield code="0">http://id.loc.gov/authorities/names/no92018839</subfield>
    </datafield>
    <datafield tag="852" ind1="0" ind2=" ">
      <subfield code="b">se</subfield>
      <subfield code="h">PR1225</subfield>
      <subfield code="i">.M6 1932</subfield>
      <subfield code="p">1565691</subfield>
      <subfield code="x">reclassed from: 3598.648.12</subfield>
    </datafield>
    <datafield tag="852" ind1="0" ind2=" ">
      <subfield code="b">f</subfield>
      <subfield code="h">PR1225</subfield>
      <subfield code="i">.M6 1932</subfield>
      <subfield code="p">1565690</subfield>
      <subfield code="x">reclassed from: 3598.648.12</subfield>
    </datafield>
    <datafield tag="911" ind1=" " ind2=" ">
      <subfield code="a">19990626</subfield>
    </datafield>
    <datafield tag="914" ind1=" " ind2=" ">
      <subfield code="a">(OCoLC)ocm01151140</subfield>
      <subfield code="b">OCoLC</subfield>
      <subfield code="c">match</subfield>
      <subfield code="d">20240710</subfield>
      <subfield code="e">processed</subfield>
      <subfield code="f">1151140</subfield>
    </datafield>
    <datafield tag="947" ind1=" " ind2=" ">
      <subfield code="a">CEA7279</subfield>
    </datafield>
    <datafield tag="950" ind1=" " ind2=" ">
      <subfield code="c">2024-07-18 12:33:36 US/Eastern</subfield>
      <subfield code="b">2021-07-12 09:14:20 US/Eastern</subfield>
      <subfield code="a">false</subfield>
    </datafield>
    <datafield tag="852" ind1="0" ind2="0">
      <subfield code="b">firestone</subfield>
      <subfield code="c">stacks</subfield>
      <subfield code="h">PR1225</subfield>
      <subfield code="i">.M6 1932</subfield>
      <subfield code="8">22489307410006421</subfield>
    </datafield>
    <datafield tag="952" ind1=" " ind2=" ">
      <subfield code="a">2021-07-12 13:14:20</subfield>
      <subfield code="8">22489307410006421</subfield>
      <subfield code="b">Firestone Library</subfield>
      <subfield code="c">stacks: Firestone Library</subfield>
      <subfield code="e">false</subfield>
    </datafield>
    <datafield tag="852" ind1="0" ind2="0">
      <subfield code="b">firestone</subfield>
      <subfield code="c">se</subfield>
      <subfield code="h">PR1225</subfield>
      <subfield code="i">.M6 1932</subfield>
      <subfield code="8">22489307370006421</subfield>
    </datafield>
    <datafield tag="952" ind1=" " ind2=" ">
      <subfield code="a">2021-07-12 13:14:20</subfield>
      <subfield code="8">22489307370006421</subfield>
      <subfield code="b">Firestone Library</subfield>
      <subfield code="c">se: Scribner Room</subfield>
      <subfield code="e">false</subfield>
    </datafield>
    <datafield tag="876" ind1=" " ind2=" ">
      <subfield code="0">22489307410006421</subfield>
      <subfield code="a">23489307400006421</subfield>
      <subfield code="j">1</subfield>
      <subfield code="z">stacks</subfield>
      <subfield code="d">2000-06-12 20:00:00 US/Eastern</subfield>
      <subfield code="p">32101046706048</subfield>
      <subfield code="t">1</subfield>
      <subfield code="y">firestone</subfield>
    </datafield>
    <datafield tag="876" ind1=" " ind2=" ">
      <subfield code="0">22489307370006421</subfield>
      <subfield code="a">23489307350006421</subfield>
      <subfield code="j">1</subfield>
      <subfield code="z">se</subfield>
      <subfield code="d">2005-08-30 20:00:00 US/Eastern</subfield>
      <subfield code="p">32101057951087</subfield>
      <subfield code="t">1</subfield>
      <subfield code="y">firestone</subfield>
    </datafield>
  </record>