
  <record>
    <leader>01165cam a2200289   4500</leader>
    <controlfield tag="005">20240711054937.0</controlfield>
    <controlfield tag="008">740410s1917    nyub          000 1 eng  </controlfield>
    <controlfield tag="001">9913221093506421</controlfield>
    <datafield tag="010" ind1=" " ind2=" ">
      <subfield code="a">   33008309  </subfield>
    </datafield>
    <datafield tag="035" ind1=" " ind2=" ">
      <subfield code="9">CDW5202TS</subfield>
    </datafield>
    <datafield tag="035" ind1=" " ind2=" ">
      <subfield code="a">(NjP)1322109-princetondb</subfield>
    </datafield>
    <datafield tag="035" ind1=" " ind2=" ">
      <subfield code="z">(NjP)Voyager1322109</subfield>
    </datafield>
    <datafield tag="035" ind1=" " ind2=" ">
      <subfield code="a">(OCoLC)ocm00853774</subfield>
    </datafield>
    <datafield tag="040" ind1=" " ind2=" ">
      <subfield code="a">DLC</subfield>
      <subfield code="b">eng</subfield>
      <subfield code="c">YNG</subfield>
      <subfield code="d">OCL</subfield>
      <subfield code="d">PUL</subfield>
    </datafield>
    <datafield tag="050" ind1="0" ind2=" ">
      <subfield code="a">PZ3.H222</subfield>
      <subfield code="b">M11</subfield>
    </datafield>
    <datafield tag="100" ind1="1" ind2=" ">
      <subfield code="a">Hardy, Thomas,</subfield>
      <subfield code="d">1840-1928.</subfield>
      <subfield code="0">http://id.loc.gov/authorities/names/n79046230</subfield>
    </datafield>
    <datafield tag="245" ind1="1" ind2="4">
      <subfield code="a">The mayor of Casterbridge,</subfield>
      <subfield code="c">by Thomas Hardy; introduction by Joyce Kilmer.</subfield>
    </datafield>
    <datafield tag="260" ind1=" " ind2=" ">
      <subfield code="a">New York,</subfield>
      <subfield code="b">Modern Library</subfield>
      <subfield code="c">[1917]</subfield>
    </datafield>
    <datafield tag="300" ind1=" " ind2=" ">
      <subfield code="a">xiv, 318 p.</subfield>
      <subfield code="b">front. (map)</subfield>
      <subfield code="c">17 cm.</subfield>
    </datafield>
    <datafield tag="490" ind1="0" ind2=" ">
      <subfield code="a">The modern library of the world's best books</subfield>
    </datafield>
    <datafield tag="655" ind1=" " ind2="7">
      <subfield code="a">Fiction.</subfield>
      <subfield code="2">lcgft</subfield>
      <subfield code="0">http://id.loc.gov/authorities/genreForms/gf2014026339</subfield>
    </datafield>
    <datafield tag="852" ind1="0" ind2=" ">
      <subfield code="b">f</subfield>
      <subfield code="t">3</subfield>
      <subfield code="h">PR4750</subfield>
      <subfield code="i">.M39 1917</subfield>
      <subfield code="p">1517919</subfield>
      <subfield code="x">reclassed from: 3770.7.36.11</subfield>
    </datafield>
    <datafield tag="852" ind1="0" ind2=" ">
      <subfield code="b">f</subfield>
      <subfield code="h">PR4750</subfield>
      <subfield code="i">.M39 1917</subfield>
      <subfield code="p">1517918</subfield>
      <subfield code="x">reclassed from: 3770.7.36.11</subfield>
    </datafield>
    <datafield tag="852" ind1="0" ind2=" ">
      <subfield code="b">f</subfield>
      <subfield code="t">2</subfield>
      <subfield code="h">PR4750</subfield>
      <subfield code="i">.M39 1917</subfield>
      <subfield code="p">1517917</subfield>
      <subfield code="x">reclassed from: 3770.7.36.11</subfield>
    </datafield>
    <datafield tag="911" ind1=" " ind2=" ">
      <subfield code="a">20000402</subfield>
    </datafield>
    <datafield tag="914" ind1=" " ind2=" ">
      <subfield code="a">(OCoLC)ocm00853774</subfield>
      <subfield code="b">OCoLC</subfield>
      <subfield code="c">match</subfield>
      <subfield code="d">20240703</subfield>
      <subfield code="e">processed</subfield>
      <subfield code="f">853774</subfield>
    </datafield>
    <datafield tag="947" ind1=" " ind2=" ">
      <subfield code="a">CDW5202</subfield>
    </datafield>
    <datafield tag="950" ind1=" " ind2=" ">
      <subfield code="c">2024-07-11 05:49:37 US/Eastern</subfield>
      <subfield code="b">2021-07-13 08:48:52 US/Eastern</subfield>
      <subfield code="a">false</subfield>
    </datafield>
    <datafield tag="852" ind1="0" ind2="0">
      <subfield code="b">recap</subfield>
      <subfield code="c">pa</subfield>
      <subfield code="h">PR4750</subfield>
      <subfield code="i">.M39 1917</subfield>
      <subfield code="8">22744691440006421</subfield>
    </datafield>
    <datafield tag="952" ind1=" " ind2=" ">
      <subfield code="d">2024-06-04 15:55:43</subfield>
      <subfield code="8">22744691440006421</subfield>
      <subfield code="a">2021-07-13 12:48:52</subfield>
      <subfield code="b">ReCAP</subfield>
      <subfield code="c">rcppa: RECAP</subfield>
      <subfield code="e">false</subfield>
    </datafield>
    <datafield tag="876" ind1=" " ind2=" ">
      <subfield code="0">22744691440006421</subfield>
      <subfield code="a">23744691430006421</subfield>
      <subfield code="j">1</subfield>
      <subfield code="z">pa</subfield>
      <subfield code="d">2000-06-12 20:00:00 US/Eastern</subfield>
      <subfield code="p">32101111428395</subfield>
      <subfield code="t">1</subfield>
      <subfield code="y">recap</subfield>
    </datafield>
  </record>