
  <record>
    <leader>01421cam a2200385 a 4500</leader>
    <controlfield tag="005">20240502090632.0</controlfield>
    <controlfield tag="008">960805s1993    njua          001 0beng d</controlfield>
    <controlfield tag="001">9910746813506421</controlfield>
    <datafield tag="010" ind1=" " ind2=" ">
      <subfield code="a">   93232646 //r962 </subfield>
    </datafield>
    <datafield tag="020" ind1=" " ind2=" ">
      <subfield code="a">0963752405</subfield>
    </datafield>
    <datafield tag="035" ind1=" " ind2=" ">
      <subfield code="a">(CStRLIN)NJPG96-B43585</subfield>
    </datafield>
    <datafield tag="035" ind1=" " ind2=" ">
      <subfield code="9">CCF4710TS</subfield>
    </datafield>
    <datafield tag="035" ind1=" " ind2=" ">
      <subfield code="a">(NjP)1074681-princetondb</subfield>
    </datafield>
    <datafield tag="035" ind1=" " ind2=" ">
      <subfield code="z">(NjP)Voyager1074681</subfield>
    </datafield>
    <datafield tag="035" ind1=" " ind2=" ">
      <subfield code="a">(OCoLC)ocm28831918</subfield>
    </datafield>
    <datafield tag="040" ind1=" " ind2=" ">
      <subfield code="a">NjWhiM</subfield>
      <subfield code="b">eng</subfield>
      <subfield code="c">NjWhiM</subfield>
      <subfield code="d">DLC</subfield>
    </datafield>
    <datafield tag="042" ind1=" " ind2=" ">
      <subfield code="a">lccopycat</subfield>
    </datafield>
    <datafield tag="043" ind1=" " ind2=" ">
      <subfield code="a">n-us-nj</subfield>
    </datafield>
    <datafield tag="050" ind1="0" ind2="0">
      <subfield code="a">PS3521.I38</subfield>
      <subfield code="b">Z74 1993</subfield>
    </datafield>
    <datafield tag="082" ind1="0" ind2="0">
      <subfield code="a">818/.5209</subfield>
      <subfield code="a">B</subfield>
      <subfield code="2">20</subfield>
    </datafield>
    <datafield tag="100" ind1="1" ind2=" ">
      <subfield code="a">Kilmer, Kenton,</subfield>
      <subfield code="d">1909-</subfield>
    </datafield>
    <datafield tag="245" ind1="1" ind2="0">
      <subfield code="a">Memories of my father, Joyce Kilmer /</subfield>
      <subfield code="c">Kenton Kilmer.</subfield>
    </datafield>
    <datafield tag="250" ind1=" " ind2=" ">
      <subfield code="a">1st ed.</subfield>
    </datafield>
    <datafield tag="260" ind1=" " ind2=" ">
      <subfield code="a">New Brunswick, N.J. :</subfield>
      <subfield code="b">Joyce Kilmer Centennial Commission,</subfield>
      <subfield code="c">c1993.</subfield>
    </datafield>
    <datafield tag="300" ind1=" " ind2=" ">
      <subfield code="a">270 p. :</subfield>
      <subfield code="b">ill. ;</subfield>
      <subfield code="c">24 cm.</subfield>
    </datafield>
    <datafield tag="500" ind1=" " ind2=" ">
      <subfield code="a">Includes indexes.</subfield>
    </datafield>
    <datafield tag="600" ind1="1" ind2="0">
      <subfield code="a">Kilmer, Joyce,</subfield>
      <subfield code="d">1886-1918</subfield>
      <subfield code="x">Family.</subfield>
    </datafield>
    <datafield tag="600" ind1="1" ind2="0">
      <subfield code="a">Kilmer, Joyce,</subfield>
      <subfield code="d">1886-1918</subfield>
      <subfield code="x">Correspondence.</subfield>
    </datafield>
    <datafield tag="650" ind1=" " ind2="0">
      <subfield code="a">Poets, American</subfield>
      <subfield code="y">19th century</subfield>
      <subfield code="v">Biography.</subfield>
      <subfield code="0">http://id.loc.gov/authorities/subjects/sh2008108788</subfield>
    </datafield>
    <datafield tag="651" ind1=" " ind2="0">
      <subfield code="a">New Brunswick (N.J.)</subfield>
      <subfield code="x">Biography.</subfield>
    </datafield>
    <datafield tag="710" ind1="2" ind2=" ">
      <subfield code="a">Joyce Kilmer Centennial Commission.</subfield>
      <subfield code="0">http://id.loc.gov/authorities/names/n94005662</subfield>
    </datafield>
    <datafield tag="911" ind1=" " ind2=" ">
      <subfield code="a">19960815</subfield>
    </datafield>
    <datafield tag="912" ind1=" " ind2=" ">
      <subfield code="a">19960805000000.0</subfield>
    </datafield>
    <datafield tag="914" ind1=" " ind2=" ">
      <subfield code="a">(OCoLC)ocm28831918</subfield>
      <subfield code="b">OCoLC</subfield>
      <subfield code="c">match</subfield>
      <subfield code="d">20240501</subfield>
      <subfield code="e">processed</subfield>
      <subfield code="f">28831918</subfield>
    </datafield>
    <datafield tag="998" ind1=" " ind2=" ">
      <subfield code="a">08/05/96</subfield>
      <subfield code="s">9110</subfield>
      <subfield code="n">NjP</subfield>
      <subfield code="w">DCLC93232646B</subfield>
      <subfield code="d">08/05/96</subfield>
      <subfield code="c">DWS</subfield>
      <subfield code="b">DWS</subfield>
      <subfield code="i">960805</subfield>
      <subfield code="l">NJPG</subfield>
    </datafield>
    <datafield tag="950" ind1=" " ind2=" ">
      <subfield code="c">2024-05-03 04:58:41 US/Eastern</subfield>
      <subfield code="b">2021-07-13 04:49:37 US/Eastern</subfield>
      <subfield code="a">false</subfield>
    </datafield>
    <datafield tag="852" ind1="0" ind2="0">
      <subfield code="b">annex</subfield>
      <subfield code="c">fst</subfield>
      <subfield code="h">PS3521.I38</subfield>
      <subfield code="i">Z74 1993</subfield>
      <subfield code="8">22701716410006421</subfield>
    </datafield>
    <datafield tag="952" ind1=" " ind2=" ">
      <subfield code="a">2021-07-13 08:49:37</subfield>
      <subfield code="8">22701716410006421</subfield>
      <subfield code="b">Forrestal Annex</subfield>
      <subfield code="c">fst: Annex A Staging (anxafst)</subfield>
      <subfield code="e">false</subfield>
    </datafield>
    <datafield tag="876" ind1=" " ind2=" ">
      <subfield code="0">22701716410006421</subfield>
      <subfield code="a">23701716400006421</subfield>
      <subfield code="j">1</subfield>
      <subfield code="z">fst</subfield>
      <subfield code="d">2000-06-12 20:00:00 US/Eastern</subfield>
      <subfield code="p">32101027653961</subfield>
      <subfield code="t">1</subfield>
      <subfield code="y">annex</subfield>
    </datafield>
  </record>