
  <record>
    <leader>01368cam a2200349 a 4500</leader>
    <controlfield tag="005">20240718105713.0</controlfield>
    <controlfield tag="008">950807r19681946nyua          000 0 eng  </controlfield>
    <controlfield tag="001">999970303506421</controlfield>
    <datafield tag="010" ind1=" " ind2=" ">
      <subfield code="a">   68026249  </subfield>
    </datafield>
    <datafield tag="035" ind1=" " ind2=" ">
      <subfield code="a">(CStRLIN)NJPG95-B48582</subfield>
    </datafield>
    <datafield tag="035" ind1=" " ind2=" ">
      <subfield code="9">CBW7458TS</subfield>
    </datafield>
    <datafield tag="035" ind1=" " ind2=" ">
      <subfield code="a">(NjP)997030-princetondb</subfield>
    </datafield>
    <datafield tag="035" ind1=" " ind2=" ">
      <subfield code="z">(NjP)Voyager997030</subfield>
    </datafield>
    <datafield tag="035" ind1=" " ind2=" ">
      <subfield code="a">(OCoLC)ocm00444202</subfield>
    </datafield>
    <datafield tag="040" ind1=" " ind2=" ">
      <subfield code="b">eng</subfield>
      <subfield code="c">NjP</subfield>
    </datafield>
    <datafield tag="050" ind1="0" ind2=" ">
      <subfield code="a">PS3521</subfield>
      <subfield code="b">.I38 1968</subfield>
    </datafield>
    <datafield tag="082" ind1=" " ind2=" ">
      <subfield code="a">818/.5/209</subfield>
    </datafield>
    <datafield tag="100" ind1="1" ind2=" ">
      <subfield code="a">Kilmer, Joyce,</subfield>
      <subfield code="d">1886-1918.</subfield>
      <subfield code="0">http://id.loc.gov/authorities/names/n50046153</subfield>
    </datafield>
    <datafield tag="240" ind1="1" ind2="0">
      <subfield code="a">Works.</subfield>
      <subfield code="f">1968</subfield>
    </datafield>
    <datafield tag="245" ind1="1" ind2="0">
      <subfield code="a">Joyce Kilmer /</subfield>
      <subfield code="c">edited with a memoir by Robert Cortes Holliday.</subfield>
    </datafield>
    <datafield tag="260" ind1=" " ind2=" ">
      <subfield code="a">Port Washington, N.Y. :</subfield>
      <subfield code="b">Kennikat Press,</subfield>
      <subfield code="c">[1968]</subfield>
    </datafield>
    <datafield tag="300" ind1=" " ind2=" ">
      <subfield code="a">2 v. :</subfield>
      <subfield code="b">ill. ;</subfield>
      <subfield code="c">19 cm.</subfield>
    </datafield>
    <datafield tag="440" ind1=" " ind2="0">
      <subfield code="a">Essay and general literature index reprint series</subfield>
    </datafield>
    <datafield tag="505" ind1="0" ind2=" ">
      <subfield code="a">Vol. 1. Memoir and poems -- vol. 2. Prose works.</subfield>
    </datafield>
    <datafield tag="534" ind1=" " ind2=" ">
      <subfield code="p">Reprint. Originally published:</subfield>
      <subfield code="c">[S.l. : s.n.], c1946.</subfield>
    </datafield>
    <datafield tag="600" ind1="1" ind2="0">
      <subfield code="a">Kilmer, Joyce,</subfield>
      <subfield code="d">1886-1918.</subfield>
      <subfield code="0">http://id.loc.gov/authorities/names/n50046153</subfield>
    </datafield>
    <datafield tag="700" ind1="1" ind2=" ">
      <subfield code="a">Holliday, Robert Cortes,</subfield>
      <subfield code="d">1880-1947.</subfield>
      <subfield code="0">http://id.loc.gov/authorities/names/nr95032040</subfield>
    </datafield>
    <datafield tag="911" ind1=" " ind2=" ">
      <subfield code="a">19950908</subfield>
    </datafield>
    <datafield tag="912" ind1=" " ind2=" ">
      <subfield code="a">19950830000000.0</subfield>
    </datafield>
    <datafield tag="914" ind1=" " ind2=" ">
      <subfield code="a">(OCoLC)ocm00444202</subfield>
      <subfield code="b">OCoLC</subfield>
      <subfield code="c">match</subfield>
      <subfield code="d">20240710</subfield>
      <subfield code="e">processed</subfield>
      <subfield code="f">444202</subfield>
    </datafield>
    <datafield tag="948" ind1=" " ind2=" ">
      <subfield code="a">CON AACR2</subfield>
    </datafield>
    <datafield tag="998" ind1=" " ind2=" ">
      <subfield code="a">08/30/95</subfield>
      <subfield code="s">9110</subfield>
      <subfield code="n">NjP</subfield>
      <subfield code="w">DCLC6826249B</subfield>
      <subfield code="d">08/07/95</subfield>
      <subfield code="c">RPH</subfield>
      <subfield code="b">RPH</subfield>
      <subfield code="i">950830</subfield>
      <subfield code="l">NJPG</subfield>
    </datafield>
    <datafield tag="950" ind1=" " ind2=" ">
      <subfield code="c">2024-07-18 10:57:13 US/Eastern</subfield>
      <subfield code="b">2021-07-12 23:57:45 US/Eastern</subfield>
      <subfield code="a">false</subfield>
    </datafield>
    <datafield tag="852" ind1="0" ind2="1">
      <subfield code="b">recap</subfield>
      <subfield code="c">pa</subfield>
      <subfield code="h">PS3521</subfield>
      <subfield code="i">.I38 1968</subfield>
      <subfield code="8">22649636460006421</subfield>
    </datafield>
    <datafield tag="866" ind1=" " ind2="0">
      <subfield code="a">Vol. 1-vol. 2</subfield>
      <subfield code="8">22649636460006421</subfield>
    </datafield>
    <datafield tag="866" ind1=" " ind2="0">
      <subfield code="z">DESIGNATOR: v.</subfield>
      <subfield code="8">22649636460006421</subfield>
    </datafield>
    <datafield tag="952" ind1=" " ind2=" ">
      <subfield code="a">2021-07-13 03:57:45</subfield>
      <subfield code="8">22649636460006421</subfield>
      <subfield code="b">ReCAP</subfield>
      <subfield code="c">rcppa: RECAP</subfield>
      <subfield code="e">false</subfield>
    </datafield>
    <datafield tag="876" ind1=" " ind2=" ">
      <subfield code="0">22649636460006421</subfield>
      <subfield code="a">23649636450006421</subfield>
      <subfield code="3">v.1</subfield>
      <subfield code="j">1</subfield>
      <subfield code="z">pa</subfield>
      <subfield code="d">2003-06-18 20:00:00 US/Eastern</subfield>
      <subfield code="p">32101046702831</subfield>
      <subfield code="t">1</subfield>
      <subfield code="y">recap</subfield>
    </datafield>
    <datafield tag="876" ind1=" " ind2=" ">
      <subfield code="0">22649636460006421</subfield>
      <subfield code="a">23649636440006421</subfield>
      <subfield code="3">v.2</subfield>
      <subfield code="j">1</subfield>
      <subfield code="z">pa</subfield>
      <subfield code="d">2003-06-18 20:00:00 US/Eastern</subfield>
      <subfield code="p">32101046702849</subfield>
      <subfield code="t">1</subfield>
      <subfield code="y">recap</subfield>
    </datafield>
  </record>