
  <record>
    <leader>01788cas a2200433 a 4500</leader>
    <controlfield tag="005">20240812113250.0</controlfield>
    <controlfield tag="008">940203d19681979oncbr p       0   a0eng d</controlfield>
    <controlfield tag="001">998624703506421</controlfield>
    <datafield tag="010" ind1=" " ind2=" ">
      <subfield code="a">sf 81004043  </subfield>
      <subfield code="z">cn 76309612 </subfield>
    </datafield>
    <datafield tag="022" ind1=" " ind2=" ">
      <subfield code="a">0036-8393</subfield>
    </datafield>
    <datafield tag="035" ind1=" " ind2=" ">
      <subfield code="a">(CStRLIN)NJPG94-S395</subfield>
    </datafield>
    <datafield tag="035" ind1=" " ind2=" ">
      <subfield code="9">CAY2554TS</subfield>
    </datafield>
    <datafield tag="035" ind1=" " ind2=" ">
      <subfield code="a">(NjP)862470-princetondb</subfield>
    </datafield>
    <datafield tag="035" ind1=" " ind2=" ">
      <subfield code="a">(OCoLC)ocm01779926</subfield>
    </datafield>
    <datafield tag="035" ind1=" " ind2=" ">
      <subfield code="z">(NjP)Voyager862470</subfield>
    </datafield>
    <datafield tag="040" ind1=" " ind2=" ">
      <subfield code="a">MnMULS</subfield>
      <subfield code="b">eng</subfield>
      <subfield code="c">MnMULS</subfield>
      <subfield code="d">NjP</subfield>
    </datafield>
    <datafield tag="041" ind1="0" ind2=" ">
      <subfield code="a">eng</subfield>
      <subfield code="a">fre</subfield>
    </datafield>
    <datafield tag="042" ind1=" " ind2=" ">
      <subfield code="a">nlc</subfield>
      <subfield code="a">isds/c</subfield>
      <subfield code="a">lc</subfield>
    </datafield>
    <datafield tag="050" ind1="0" ind2=" ">
      <subfield code="a">Q1</subfield>
      <subfield code="b">.S387</subfield>
    </datafield>
    <datafield tag="222" ind1=" " ind2="0">
      <subfield code="a">Science forum</subfield>
    </datafield>
    <datafield tag="245" ind1="0" ind2="0">
      <subfield code="a">Science forum.</subfield>
    </datafield>
    <datafield tag="260" ind1=" " ind2=" ">
      <subfield code="a">Ottawa :</subfield>
      <subfield code="b">Québec Science,</subfield>
      <subfield code="c">1968-1979.</subfield>
    </datafield>
    <datafield tag="300" ind1=" " ind2=" ">
      <subfield code="a">12 v. :</subfield>
      <subfield code="b">ill. ;</subfield>
      <subfield code="c">28 cm.</subfield>
    </datafield>
    <datafield tag="310" ind1=" " ind2=" ">
      <subfield code="a">Bimonthly</subfield>
    </datafield>
    <datafield tag="362" ind1="0" ind2=" ">
      <subfield code="a">Vol. 1, no. 1 (Feb 1968)-v. 12, no. 3 (May/June 1979).</subfield>
    </datafield>
    <datafield tag="500" ind1=" " ind2=" ">
      <subfield code="a">Vols. for Feb. 1968- have subtitle, A Canadian journal of science and technology; May/June 1978- , Canada's news magazine of science.</subfield>
    </datafield>
    <datafield tag="515" ind1=" " ind2=" ">
      <subfield code="a">Vols. for Feb. 1968-May/June 1979 called also: No. 1-67.</subfield>
    </datafield>
    <datafield tag="525" ind1=" " ind2=" ">
      <subfield code="a">Issue for Jan./Feb. 1979 accompanid by supplement entitled: A plan for the St. Lawrence.</subfield>
    </datafield>
    <datafield tag="546" ind1=" " ind2=" ">
      <subfield code="a">Includes some text in French.</subfield>
    </datafield>
    <datafield tag="550" ind1=" " ind2=" ">
      <subfield code="a">Issues for Feb. 1968-Dec. 1977 publishd by University of Toronto Press.</subfield>
    </datafield>
    <datafield tag="650" ind1=" " ind2="0">
      <subfield code="a">Science</subfield>
      <subfield code="v">Periodicals.</subfield>
      <subfield code="0">http://id.loc.gov/authorities/subjects/sh85118580</subfield>
    </datafield>
    <datafield tag="650" ind1=" " ind2="0">
      <subfield code="a">Technology</subfield>
      <subfield code="v">Periodicals.</subfield>
      <subfield code="0">http://id.loc.gov/authorities/subjects/sh85133164</subfield>
    </datafield>
    <datafield tag="655" ind1=" " ind2="7">
      <subfield code="a">Periodicals.</subfield>
      <subfield code="2">lcgft</subfield>
      <subfield code="0">http://id.loc.gov/authorities/genreForms/gf2014026139</subfield>
    </datafield>
    <datafield tag="710" ind1="2" ind2=" ">
      <subfield code="a">Québec Science.</subfield>
    </datafield>
    <datafield tag="911" ind1=" " ind2=" ">
      <subfield code="a">19940210</subfield>
    </datafield>
    <datafield tag="912" ind1=" " ind2=" ">
      <subfield code="a">19940203000000.0</subfield>
    </datafield>
    <datafield tag="914" ind1=" " ind2=" ">
      <subfield code="a">(OCoLC)ocm01779926</subfield>
      <subfield code="b">OCoLC</subfield>
      <subfield code="c">field transfer</subfield>
      <subfield code="d">20221117</subfield>
      <subfield code="e">processed</subfield>
      <subfield code="f">1779926</subfield>
    </datafield>
    <datafield tag="948" ind1=" " ind2=" ">
      <subfield code="a">con</subfield>
    </datafield>
    <datafield tag="998" ind1=" " ind2=" ">
      <subfield code="a">02/03/94</subfield>
      <subfield code="s">9110</subfield>
      <subfield code="n">NjP</subfield>
      <subfield code="w">DCLCSF814043S</subfield>
      <subfield code="d">02/03/94</subfield>
      <subfield code="c">JKS</subfield>
      <subfield code="b">JKS</subfield>
      <subfield code="i">940203</subfield>
      <subfield code="l">NJPG</subfield>
    </datafield>
    <datafield tag="950" ind1=" " ind2=" ">
      <subfield code="c">2024-08-12 11:32:50 US/Eastern</subfield>
      <subfield code="b">2021-07-12 17:43:25 US/Eastern</subfield>
      <subfield code="a">false</subfield>
    </datafield>
    <datafield tag="852" ind1="8" ind2="1">
      <subfield code="b">annex</subfield>
      <subfield code="c">stacks</subfield>
      <subfield code="h">8001.8479</subfield>
      <subfield code="8">22581685010006421</subfield>
    </datafield>
    <datafield tag="866" ind1=" " ind2="0">
      <subfield code="a">Vol. 2, no. 1 (Feb 1969)-v. 12, no. 3 (May/June 1979)</subfield>
      <subfield code="8">22581685010006421</subfield>
    </datafield>
    <datafield tag="952" ind1=" " ind2=" ">
      <subfield code="a">2021-07-12 21:43:25</subfield>
      <subfield code="8">22581685010006421</subfield>
      <subfield code="b">Forrestal Annex</subfield>
      <subfield code="c">stacks: Annex Stacks</subfield>
      <subfield code="e">false</subfield>
    </datafield>
    <datafield tag="876" ind1=" " ind2=" ">
      <subfield code="0">22581685010006421</subfield>
      <subfield code="a">23581685000006421</subfield>
      <subfield code="3">vol.6 1973</subfield>
      <subfield code="j">1</subfield>
      <subfield code="z">stacks</subfield>
      <subfield code="d">2001-09-30 20:00:00 US/Eastern</subfield>
      <subfield code="p">32101042736262</subfield>
      <subfield code="t">1</subfield>
      <subfield code="y">annex</subfield>
    </datafield>
  </record>