
  <record>
    <leader>01838cas a22004571i 4500</leader>
    <controlfield tag="005">20230125191746.0</controlfield>
    <controlfield tag="008">890913c19329999ii sr p       0   a0eng d</controlfield>
    <controlfield tag="001">995658763506421</controlfield>
    <datafield tag="010" ind1=" " ind2=" ">
      <subfield code="a">   44042917  </subfield>
    </datafield>
    <datafield tag="022" ind1=" " ind2=" ">
      <subfield code="a">0011-3891</subfield>
    </datafield>
    <datafield tag="030" ind1=" " ind2=" ">
      <subfield code="a">CUSCAM</subfield>
    </datafield>
    <datafield tag="035" ind1=" " ind2=" ">
      <subfield code="a">(CStRLIN)NJPG89-S6689</subfield>
    </datafield>
    <datafield tag="035" ind1=" " ind2=" ">
      <subfield code="9">ACQ1846TS</subfield>
    </datafield>
    <datafield tag="035" ind1=" " ind2=" ">
      <subfield code="a">(NjP)565876-princetondb</subfield>
    </datafield>
    <datafield tag="035" ind1=" " ind2=" ">
      <subfield code="a">(OCoLC)ocm01565678</subfield>
    </datafield>
    <datafield tag="035" ind1=" " ind2=" ">
      <subfield code="z">(NjP)Voyager565876</subfield>
    </datafield>
    <datafield tag="040" ind1=" " ind2=" ">
      <subfield code="a">MnMULS</subfield>
      <subfield code="b">eng</subfield>
      <subfield code="c">MnMULS</subfield>
      <subfield code="d">NjP</subfield>
    </datafield>
    <datafield tag="042" ind1=" " ind2=" ">
      <subfield code="a">lc</subfield>
      <subfield code="a">nsdp</subfield>
    </datafield>
    <datafield tag="050" ind1="0" ind2="0">
      <subfield code="a">Q1</subfield>
      <subfield code="b">.C78</subfield>
    </datafield>
    <datafield tag="130" ind1="0" ind2=" ">
      <subfield code="a">Current science (Bangalore, India)</subfield>
    </datafield>
    <datafield tag="210" ind1="0" ind2=" ">
      <subfield code="a">Curr. sci.</subfield>
    </datafield>
    <datafield tag="222" ind1=" " ind2="0">
      <subfield code="a">Current science</subfield>
    </datafield>
    <datafield tag="245" ind1="0" ind2="0">
      <subfield code="a">Current science.</subfield>
    </datafield>
    <datafield tag="260" ind1=" " ind2=" ">
      <subfield code="a">Bangalore :</subfield>
      <subfield code="b">Current Science Association,</subfield>
      <subfield code="c">1932-</subfield>
    </datafield>
    <datafield tag="300" ind1=" " ind2=" ">
      <subfield code="a">v. :</subfield>
      <subfield code="b">ill. ;</subfield>
      <subfield code="c">25-28 cm.</subfield>
    </datafield>
    <datafield tag="310" ind1=" " ind2=" ">
      <subfield code="a">Semimonthly,</subfield>
      <subfield code="b">&lt;Mar. 1979-2013&gt;</subfield>
    </datafield>
    <datafield tag="321" ind1=" " ind2=" ">
      <subfield code="a">Monthly,</subfield>
      <subfield code="b">1932-1963</subfield>
    </datafield>
    <datafield tag="321" ind1=" " ind2=" ">
      <subfield code="a">Bimonthly,</subfield>
      <subfield code="b">19&lt; &gt;</subfield>
    </datafield>
    <datafield tag="362" ind1="0" ind2=" ">
      <subfield code="a">Vol. 1, no. 1 (July 1932)-</subfield>
    </datafield>
    <datafield tag="500" ind1=" " ind2=" ">
      <subfield code="a">Issues for &lt;2003-2013&gt; published by the Current Science Association, in collaboration with the Indian Academy of Sciences.</subfield>
    </datafield>
    <datafield tag="550" ind1=" " ind2=" ">
      <subfield code="a">Vols. 1-&lt; &gt; published for the "Current science board of editors", Indian Institute of Science.</subfield>
    </datafield>
    <datafield tag="650" ind1=" " ind2="0">
      <subfield code="a">Science</subfield>
      <subfield code="v">Periodicals.</subfield>
      <subfield code="0">http://id.loc.gov/authorities/subjects/sh85118580</subfield>
    </datafield>
    <datafield tag="655" ind1=" " ind2="7">
      <subfield code="a">Periodicals.</subfield>
      <subfield code="2">lcgft</subfield>
      <subfield code="0">http://id.loc.gov/authorities/genreForms/gf2014026139</subfield>
    </datafield>
    <datafield tag="710" ind1="2" ind2=" ">
      <subfield code="a">Current Science Association.</subfield>
      <subfield code="0">http://id.loc.gov/authorities/names/no89014756</subfield>
    </datafield>
    <datafield tag="710" ind1="2" ind2=" ">
      <subfield code="a">Indian Academy of Sciences.</subfield>
      <subfield code="0">http://id.loc.gov/authorities/names/n81139291</subfield>
    </datafield>
    <datafield tag="710" ind1="2" ind2=" ">
      <subfield code="a">Indian Institute of Science, Bangalore.</subfield>
      <subfield code="0">http://id.loc.gov/authorities/names/n79114240</subfield>
    </datafield>
    <datafield tag="911" ind1=" " ind2=" ">
      <subfield code="a">19950316</subfield>
    </datafield>
    <datafield tag="912" ind1=" " ind2=" ">
      <subfield code="a">19950309000000.0</subfield>
    </datafield>
    <datafield tag="914" ind1=" " ind2=" ">
      <subfield code="a">(OCoLC)ocm01565678</subfield>
      <subfield code="b">OCoLC</subfield>
      <subfield code="c">match</subfield>
      <subfield code="d">20230125</subfield>
      <subfield code="e">processed</subfield>
      <subfield code="f">1565678</subfield>
    </datafield>
    <datafield tag="948" ind1=" " ind2=" ">
      <subfield code="a">S-RECON</subfield>
    </datafield>
    <datafield tag="998" ind1=" " ind2=" ">
      <subfield code="a">03/09/95</subfield>
      <subfield code="s">9120</subfield>
      <subfield code="n">NjP</subfield>
      <subfield code="w">DCLC4442917S</subfield>
      <subfield code="d">09/13/89</subfield>
      <subfield code="c">JPW</subfield>
      <subfield code="b">JKS</subfield>
      <subfield code="i">950309</subfield>
      <subfield code="l">NJPG</subfield>
    </datafield>
    <datafield tag="950" ind1=" " ind2=" ">
      <subfield code="c">2023-08-12 20:26:04 US/Eastern</subfield>
      <subfield code="b">2021-07-12 13:31:27 US/Eastern</subfield>
      <subfield code="a">false</subfield>
    </datafield>
    <datafield tag="852" ind1="8" ind2="1">
      <subfield code="b">annex</subfield>
      <subfield code="c">stacks</subfield>
      <subfield code="h">8001.279</subfield>
      <subfield code="8">22536308040006421</subfield>
    </datafield>
    <datafield tag="866" ind1=" " ind2="0">
      <subfield code="a">Vol. 100, no. 1 (Jan. 2011)-v. 116, no. 12 (Dec.2019), vol. 117, no. 4-6 (Aug.Sept. 2019)</subfield>
      <subfield code="8">22536308040006421</subfield>
    </datafield>
    <datafield tag="866" ind1=" " ind2="0">
      <subfield code="z">LACKS: v. 67, no. 1-3; v.106, no.1,; v.107, no.6; v. 110,no. 10 ; v. 111, no.3-4 ; v. 113 , no. 8  ; v. 115, no. 10</subfield>
      <subfield code="8">22536308040006421</subfield>
    </datafield>
    <datafield tag="866" ind1=" " ind2="0">
      <subfield code="z">CURRENT ISSUES IN: Periodicals Collection (PR). Firestone</subfield>
      <subfield code="8">22536308040006421</subfield>
    </datafield>
    <datafield tag="952" ind1=" " ind2=" ">
      <subfield code="d">2024-11-22 19:46:34</subfield>
      <subfield code="8">22536308040006421</subfield>
      <subfield code="a">2021-07-12 17:31:27</subfield>
      <subfield code="b">Forrestal Annex</subfield>
      <subfield code="c">stacks: Annex Stacks</subfield>
      <subfield code="e">false</subfield>
    </datafield>
    <datafield tag="852" ind1="8" ind2="1">
      <subfield code="b">recap</subfield>
      <subfield code="c">pa</subfield>
      <subfield code="h">8001.279</subfield>
      <subfield code="8">221010559170006421</subfield>
    </datafield>
    <datafield tag="866" ind1=" " ind2="0">
      <subfield code="a">Vol. 48, no. 1(Jan.1979)-vol.99, no.12(Dec. 2010); Vol. 117, no. 1 (July 2019)-vol. 117, no. 3 (Aug. 2019),vol. 117, no. 7 (Oct. 2019), vol. 117, no. 9 (Nov. 2019)-vol. 117, no. 11 (Dec. 2019),  vol. 118, no.1 (Jan. 2020)-vol. 124, no. 12 (June 2023)</subfield>
      <subfield code="8">221010559170006421</subfield>
    </datafield>
    <datafield tag="866" ind1=" " ind2="0">
      <subfield code="z">CURRENT ISSUES IN: Periodicals Collection (PR). Firestone</subfield>
      <subfield code="8">221010559170006421</subfield>
    </datafield>
    <datafield tag="952" ind1=" " ind2=" ">
      <subfield code="d">2024-11-22 19:46:47</subfield>
      <subfield code="8">221010559170006421</subfield>
      <subfield code="a">2024-02-16 17:17:38</subfield>
      <subfield code="b">ReCAP</subfield>
      <subfield code="c">rcppa: RECAP</subfield>
      <subfield code="e">false</subfield>
    </datafield>
    <datafield tag="876" ind1=" " ind2=" ">
      <subfield code="0">221010559170006421</subfield>
      <subfield code="a">231015025360006421</subfield>
      <subfield code="3">vol. 122, no. 1-6 (2022)</subfield>
      <subfield code="j">1</subfield>
      <subfield code="z">pa</subfield>
      <subfield code="d">2024-03-25 13:49:48 US/Eastern</subfield>
      <subfield code="p">32101095630388</subfield>
      <subfield code="y">recap</subfield>
    </datafield>
    <datafield tag="876" ind1=" " ind2=" ">
      <subfield code="0">22536308040006421</subfield>
      <subfield code="a">23536306880006421</subfield>
      <subfield code="3">vol.106, no.1-6 (inc.) Jan.-Mar.2014</subfield>
      <subfield code="j">1</subfield>
      <subfield code="z">stacks</subfield>
      <subfield code="d">2014-12-07 19:00:00 US/Eastern</subfield>
      <subfield code="p">32101048153959</subfield>
      <subfield code="t">1</subfield>
      <subfield code="y">annex</subfield>
    </datafield>
    <datafield tag="876" ind1=" " ind2=" ">
      <subfield code="0">22536308040006421</subfield>
      <subfield code="a">23536307010006421</subfield>
      <subfield code="3">vol. 100, no. 1-6 Jan.-Mar. 2011</subfield>
      <subfield code="j">1</subfield>
      <subfield code="z">stacks</subfield>
      <subfield code="d">2011-08-08 20:00:00 US/Eastern</subfield>
      <subfield code="p">32101077861019</subfield>
      <subfield code="t">1</subfield>
      <subfield code="y">annex</subfield>
    </datafield>
    <datafield tag="876" ind1=" " ind2=" ">
      <subfield code="0">221010559170006421</subfield>
      <subfield code="a">23536307020006421</subfield>
      <subfield code="3">vol. 99, no. 7-12 (oct.-Dec. 2010)</subfield>
      <subfield code="j">0</subfield>
      <subfield code="x">TRANSIT</subfield>
      <subfield code="z">pa</subfield>
      <subfield code="d">2011-04-07 20:00:00 US/Eastern</subfield>
      <subfield code="p">32101082046390</subfield>
      <subfield code="t">1</subfield>
      <subfield code="y">recap</subfield>
    </datafield>
    <datafield tag="876" ind1=" " ind2=" ">
      <subfield code="0">22536308040006421</subfield>
      <subfield code="a">23536306870006421</subfield>
      <subfield code="3">vol.107, no.2-5 July.-Sept.2014</subfield>
      <subfield code="j">1</subfield>
      <subfield code="z">stacks</subfield>
      <subfield code="d">2015-04-22 20:00:00 US/Eastern</subfield>
      <subfield code="p">32101094790274</subfield>
      <subfield code="t">1</subfield>
      <subfield code="y">annex</subfield>
    </datafield>
    <datafield tag="876" ind1=" " ind2=" ">
      <subfield code="0">22536308040006421</subfield>
      <subfield code="a">23536306860006421</subfield>
      <subfield code="3">vol.107, no.7-9 Oct-Nov.2014</subfield>
      <subfield code="j">1</subfield>
      <subfield code="z">stacks</subfield>
      <subfield code="d">2015-04-22 20:00:00 US/Eastern</subfield>
      <subfield code="p">32101094790258</subfield>
      <subfield code="t">1</subfield>
      <subfield code="y">annex</subfield>
    </datafield>
    <datafield tag="876" ind1=" " ind2=" ">
      <subfield code="0">22536308040006421</subfield>
      <subfield code="a">23536306890006421</subfield>
      <subfield code="3">vol.103, no.9 Nov.10, 2012</subfield>
      <subfield code="j">1</subfield>
      <subfield code="z">stacks</subfield>
      <subfield code="d">2014-05-04 20:00:00 US/Eastern</subfield>
      <subfield code="p">32101087405955</subfield>
      <subfield code="t">1</subfield>
      <subfield code="y">annex</subfield>
    </datafield>
    <datafield tag="876" ind1=" " ind2=" ">
      <subfield code="0">221010559170006421</subfield>
      <subfield code="a">23536307050006421</subfield>
      <subfield code="3">vol. 98, no. 9-12 (May-June 2010)</subfield>
      <subfield code="j">0</subfield>
      <subfield code="x">TRANSIT</subfield>
      <subfield code="z">pa</subfield>
      <subfield code="d">2010-10-24 20:00:00 US/Eastern</subfield>
      <subfield code="p">32101080414251</subfield>
      <subfield code="t">1</subfield>
      <subfield code="y">recap</subfield>
    </datafield>
    <datafield tag="876" ind1=" " ind2=" ">
      <subfield code="0">22536308040006421</subfield>
      <subfield code="a">23536306850006421</subfield>
      <subfield code="3">vol.108, no.1-4 Jan.Feb .2015</subfield>
      <subfield code="j">1</subfield>
      <subfield code="z">stacks</subfield>
      <subfield code="d">2015-11-22 19:00:00 US/Eastern</subfield>
      <subfield code="p">32101094793955</subfield>
      <subfield code="t">1</subfield>
      <subfield code="y">annex</subfield>
    </datafield>
    <datafield tag="876" ind1=" " ind2=" ">
      <subfield code="0">22536308040006421</subfield>
      <subfield code="a">23536306840006421</subfield>
      <subfield code="3">vol.108, no.5-8 Mar.-April.2015</subfield>
      <subfield code="j">1</subfield>
      <subfield code="z">stacks</subfield>
      <subfield code="d">2015-11-22 19:00:00 US/Eastern</subfield>
      <subfield code="p">32101094793922</subfield>
      <subfield code="t">1</subfield>
      <subfield code="y">annex</subfield>
    </datafield>
    <datafield tag="876" ind1=" " ind2=" ">
      <subfield code="0">221010559170006421</subfield>
      <subfield code="a">23536307040006421</subfield>
      <subfield code="3">vol. 98, no. 2 (Jan. 25, 2010)</subfield>
      <subfield code="j">0</subfield>
      <subfield code="x">TRANSIT</subfield>
      <subfield code="z">pa</subfield>
      <subfield code="d">2011-04-07 20:00:00 US/Eastern</subfield>
      <subfield code="p">32101082046374</subfield>
      <subfield code="t">1</subfield>
      <subfield code="y">recap</subfield>
    </datafield>
    <datafield tag="876" ind1=" " ind2=" ">
      <subfield code="0">221010559170006421</subfield>
      <subfield code="a">23536307060006421</subfield>
      <subfield code="3">vol. 98, no. 3-8 (Feb.-Apr. 2010)</subfield>
      <subfield code="j">0</subfield>
      <subfield code="x">TRANSIT</subfield>
      <subfield code="z">pa</subfield>
      <subfield code="d">2010-10-24 20:00:00 US/Eastern</subfield>
      <subfield code="p">32101080414202</subfield>
      <subfield code="t">1</subfield>
      <subfield code="y">recap</subfield>
    </datafield>
    <datafield tag="876" ind1=" " ind2=" ">
      <subfield code="0">221010559170006421</subfield>
      <subfield code="a">23536307070006421</subfield>
      <subfield code="3">vol. 98, no. 1 (Jan. 10, 2010)</subfield>
      <subfield code="j">0</subfield>
      <subfield code="x">TRANSIT</subfield>
      <subfield code="z">pa</subfield>
      <subfield code="d">2010-10-24 20:00:00 US/Eastern</subfield>
      <subfield code="p">32101080415233</subfield>
      <subfield code="t">1</subfield>
      <subfield code="y">recap</subfield>
    </datafield>
    <datafield tag="876" ind1=" " ind2=" ">
      <subfield code="0">221010559170006421</subfield>
      <subfield code="a">23536307030006421</subfield>
      <subfield code="3">vol. 99, no. 1-6 (July-Sept. 2010)</subfield>
      <subfield code="j">0</subfield>
      <subfield code="x">TRANSIT</subfield>
      <subfield code="z">pa</subfield>
      <subfield code="d">2011-04-07 20:00:00 US/Eastern</subfield>
      <subfield code="p">32101082046382</subfield>
      <subfield code="t">1</subfield>
      <subfield code="y">recap</subfield>
    </datafield>
    <datafield tag="876" ind1=" " ind2=" ">
      <subfield code="0">22536308040006421</subfield>
      <subfield code="a">23536307000006421</subfield>
      <subfield code="3">vol. 100, no. 7-12 Apr.-June 2011</subfield>
      <subfield code="j">1</subfield>
      <subfield code="z">stacks</subfield>
      <subfield code="d">2011-11-08 19:00:00 US/Eastern</subfield>
      <subfield code="p">32101077869756</subfield>
      <subfield code="t">1</subfield>
      <subfield code="y">annex</subfield>
    </datafield>
    <datafield tag="876" ind1=" " ind2=" ">
      <subfield code="0">22536308040006421</subfield>
      <subfield code="a">23536306810006421</subfield>
      <subfield code="3">vol.109, no.5-8 Sept-Oct.2015</subfield>
      <subfield code="j">1</subfield>
      <subfield code="z">stacks</subfield>
      <subfield code="d">2016-09-06 20:00:00 US/Eastern</subfield>
      <subfield code="p">32101098579194</subfield>
      <subfield code="t">1</subfield>
      <subfield code="y">annex</subfield>
    </datafield>
    <datafield tag="876" ind1=" " ind2=" ">
      <subfield code="0">22536308040006421</subfield>
      <subfield code="a">23536306820006421</subfield>
      <subfield code="3">vol.107, no.1 July 10, 2014</subfield>
      <subfield code="j">1</subfield>
      <subfield code="z">stacks</subfield>
      <subfield code="d">2015-12-06 19:00:00 US/Eastern</subfield>
      <subfield code="p">32101094748611</subfield>
      <subfield code="t">1</subfield>
      <subfield code="y">annex</subfield>
    </datafield>
    <datafield tag="876" ind1=" " ind2=" ">
      <subfield code="0">221010559170006421</subfield>
      <subfield code="a">23536307080006421</subfield>
      <subfield code="3">vol. 97, no. 7-12 (Oct.-Dec. 2009)</subfield>
      <subfield code="j">0</subfield>
      <subfield code="x">TRANSIT</subfield>
      <subfield code="z">pa</subfield>
      <subfield code="d">2010-04-28 20:00:00 US/Eastern</subfield>
      <subfield code="p">32101076237112</subfield>
      <subfield code="t">1</subfield>
      <subfield code="y">recap</subfield>
    </datafield>
    <datafield tag="876" ind1=" " ind2=" ">
      <subfield code="0">221010559170006421</subfield>
      <subfield code="a">23536307090006421</subfield>
      <subfield code="3">vol. 96, no. 1-6 (Jan.-Mar. 2009)</subfield>
      <subfield code="j">0</subfield>
      <subfield code="x">TRANSIT</subfield>
      <subfield code="z">pa</subfield>
      <subfield code="d">2009-06-23 20:00:00 US/Eastern</subfield>
      <subfield code="p">32101064937921</subfield>
      <subfield code="t">1</subfield>
      <subfield code="y">recap</subfield>
    </datafield>
    <datafield tag="876" ind1=" " ind2=" ">
      <subfield code="0">22536308040006421</subfield>
      <subfield code="a">23536306830006421</subfield>
      <subfield code="3">vol.109, no.1-4 July-Aug .2015</subfield>
      <subfield code="j">1</subfield>
      <subfield code="z">stacks</subfield>
      <subfield code="d">2015-11-22 19:00:00 US/Eastern</subfield>
      <subfield code="p">32101094793674</subfield>
      <subfield code="t">1</subfield>
      <subfield code="y">annex</subfield>
    </datafield>
    <datafield tag="876" ind1=" " ind2=" ">
      <subfield code="0">221010559170006421</subfield>
      <subfield code="a">23536307450006421</subfield>
      <subfield code="3">vol.63, no.1-6 (July - Sept. 1992)</subfield>
      <subfield code="j">1</subfield>
      <subfield code="z">pa</subfield>
      <subfield code="d">2002-04-17 20:00:00 US/Eastern</subfield>
      <subfield code="p">32101105917304</subfield>
      <subfield code="t">1</subfield>
      <subfield code="y">recap</subfield>
    </datafield>
    <datafield tag="876" ind1=" " ind2=" ">
      <subfield code="0">221010559170006421</subfield>
      <subfield code="a">231015069220006421</subfield>
      <subfield code="3">vol. 120, no. 1-6 (2020)</subfield>
      <subfield code="j">1</subfield>
      <subfield code="z">pa</subfield>
      <subfield code="d">2024-03-25 12:47:42 US/Eastern</subfield>
      <subfield code="p">32101095630347</subfield>
      <subfield code="y">recap</subfield>
    </datafield>
    <datafield tag="876" ind1=" " ind2=" ">
      <subfield code="0">221010559170006421</subfield>
      <subfield code="a">23536307410006421</subfield>
      <subfield code="3">vol. 80, no. 7-12 (Apr.-June 2001)</subfield>
      <subfield code="j">0</subfield>
      <subfield code="x">TRANSIT</subfield>
      <subfield code="z">pa</subfield>
      <subfield code="d">2002-07-15 20:00:00 US/Eastern</subfield>
      <subfield code="p">32101042945194</subfield>
      <subfield code="t">1</subfield>
      <subfield code="y">recap</subfield>
    </datafield>
    <datafield tag="876" ind1=" " ind2=" ">
      <subfield code="0">221010559170006421</subfield>
      <subfield code="a">23536307420006421</subfield>
      <subfield code="3">vol. 80, no. 1-6 (Jan.-Mar. 2001)</subfield>
      <subfield code="j">0</subfield>
      <subfield code="x">TRANSIT</subfield>
      <subfield code="z">pa</subfield>
      <subfield code="d">2002-07-15 20:00:00 US/Eastern</subfield>
      <subfield code="p">32101042945186</subfield>
      <subfield code="t">1</subfield>
      <subfield code="y">recap</subfield>
    </datafield>
    <datafield tag="876" ind1=" " ind2=" ">
      <subfield code="0">221010559170006421</subfield>
      <subfield code="a">23536307430006421</subfield>
      <subfield code="3">vol. 79, no. 7-12 (Oct.-Dec. 2000)</subfield>
      <subfield code="j">0</subfield>
      <subfield code="x">TRANSIT</subfield>
      <subfield code="z">pa</subfield>
      <subfield code="d">2002-07-15 20:00:00 US/Eastern</subfield>
      <subfield code="p">32101042945160</subfield>
      <subfield code="t">1</subfield>
      <subfield code="y">recap</subfield>
    </datafield>
    <datafield tag="876" ind1=" " ind2=" ">
      <subfield code="0">221010559170006421</subfield>
      <subfield code="a">23536307440006421</subfield>
      <subfield code="3">vol.63, no.7-12 (Oct. - Dec. 1992)</subfield>
      <subfield code="j">1</subfield>
      <subfield code="z">pa</subfield>
      <subfield code="d">2002-04-17 20:00:00 US/Eastern</subfield>
      <subfield code="p">32101105917312</subfield>
      <subfield code="t">1</subfield>
      <subfield code="y">recap</subfield>
    </datafield>
    <datafield tag="876" ind1=" " ind2=" ">
      <subfield code="0">221010559170006421</subfield>
      <subfield code="a">23536307400006421</subfield>
      <subfield code="3">vol. 83, no. 1-6 (July-Sept. 2002)</subfield>
      <subfield code="j">0</subfield>
      <subfield code="x">TRANSIT</subfield>
      <subfield code="z">pa</subfield>
      <subfield code="d">2003-03-06 19:00:00 US/Eastern</subfield>
      <subfield code="p">32101047514888</subfield>
      <subfield code="t">1</subfield>
      <subfield code="y">recap</subfield>
    </datafield>
    <datafield tag="876" ind1=" " ind2=" ">
      <subfield code="0">221010559170006421</subfield>
      <subfield code="a">231031372500006421</subfield>
      <subfield code="3">vol.58, no.1-8 (Jan. - April 1989)</subfield>
      <subfield code="j">1</subfield>
      <subfield code="z">pa</subfield>
      <subfield code="d">2024-10-24 14:49:24 US/Eastern</subfield>
      <subfield code="p">32101105917171</subfield>
      <subfield code="y">recap</subfield>
    </datafield>
    <datafield tag="876" ind1=" " ind2=" ">
      <subfield code="0">22536308040006421</subfield>
      <subfield code="a">23536306500006421</subfield>
      <subfield code="3">vol.112, no. 9-12 May-June, 2017</subfield>
      <subfield code="j">1</subfield>
      <subfield code="z">stacks</subfield>
      <subfield code="d">2018-01-15 19:00:00 US/Eastern</subfield>
      <subfield code="p">32101101316782</subfield>
      <subfield code="t">1</subfield>
      <subfield code="y">annex</subfield>
    </datafield>
    <datafield tag="876" ind1=" " ind2=" ">
      <subfield code="0">221010559170006421</subfield>
      <subfield code="a">23536307470006421</subfield>
      <subfield code="3">vol.62, no.1-6 (Jan. - Mar. 1992)</subfield>
      <subfield code="j">1</subfield>
      <subfield code="z">pa</subfield>
      <subfield code="d">2002-04-17 20:00:00 US/Eastern</subfield>
      <subfield code="p">32101105917288</subfield>
      <subfield code="t">1</subfield>
      <subfield code="y">recap</subfield>
    </datafield>
    <datafield tag="876" ind1=" " ind2=" ">
      <subfield code="0">221010559170006421</subfield>
      <subfield code="a">23536307490006421</subfield>
      <subfield code="3">vol. 78, no. 7-12 (Apr.-June 2000)</subfield>
      <subfield code="j">1</subfield>
      <subfield code="z">pa</subfield>
      <subfield code="d">2000-11-27 19:00:00 US/Eastern</subfield>
      <subfield code="p">32101105917684</subfield>
      <subfield code="t">1</subfield>
      <subfield code="y">recap</subfield>
    </datafield>
    <datafield tag="876" ind1=" " ind2=" ">
      <subfield code="0">221010559170006421</subfield>
      <subfield code="a">23536307760006421</subfield>
      <subfield code="3">vol.65, no.7-12 (Oct.-Dec.1993)</subfield>
      <subfield code="j">1</subfield>
      <subfield code="z">pa</subfield>
      <subfield code="d">2000-06-12 20:00:00 US/Eastern</subfield>
      <subfield code="p">32101105917353</subfield>
      <subfield code="t">1</subfield>
      <subfield code="y">recap</subfield>
    </datafield>
    <datafield tag="876" ind1=" " ind2=" ">
      <subfield code="0">221010559170006421</subfield>
      <subfield code="a">231031427720006421</subfield>
      <subfield code="3">vol.55, no.1-12 (Jan. - June 1986)</subfield>
      <subfield code="j">1</subfield>
      <subfield code="z">pa</subfield>
      <subfield code="d">2024-10-23 14:44:31 US/Eastern</subfield>
      <subfield code="p">32101105917106</subfield>
      <subfield code="y">recap</subfield>
    </datafield>
    <datafield tag="876" ind1=" " ind2=" ">
      <subfield code="0">221010559170006421</subfield>
      <subfield code="a">231031427740006421</subfield>
      <subfield code="3">vol.54, no.1-12 (Jan. -June 1985)</subfield>
      <subfield code="j">1</subfield>
      <subfield code="z">pa</subfield>
      <subfield code="d">2024-10-23 14:40:34 US/Eastern</subfield>
      <subfield code="p">32101105917080</subfield>
      <subfield code="y">recap</subfield>
    </datafield>
    <datafield tag="876" ind1=" " ind2=" ">
      <subfield code="0">22536308040006421</subfield>
      <subfield code="a">23536306470006421</subfield>
      <subfield code="3">vol.113, no. 1-4 July-Aug, 2017</subfield>
      <subfield code="j">1</subfield>
      <subfield code="z">stacks</subfield>
      <subfield code="d">2018-09-25 20:00:00 US/Eastern</subfield>
      <subfield code="p">32101102769112</subfield>
      <subfield code="t">1</subfield>
      <subfield code="y">annex</subfield>
    </datafield>
    <datafield tag="876" ind1=" " ind2=" ">
      <subfield code="0">22536308040006421</subfield>
      <subfield code="a">23536306560006421</subfield>
      <subfield code="3">vol.106, no.7-12 April.-June.2014</subfield>
      <subfield code="j">1</subfield>
      <subfield code="z">stacks</subfield>
      <subfield code="d">2015-05-04 20:00:00 US/Eastern</subfield>
      <subfield code="p">32101094631577</subfield>
      <subfield code="t">1</subfield>
      <subfield code="y">annex</subfield>
    </datafield>
    <datafield tag="876" ind1=" " ind2=" ">
      <subfield code="0">221010559170006421</subfield>
      <subfield code="a">231031830140006421</subfield>
      <subfield code="3">vol.68, no.1-6 (Jan. - Mar. 1995)</subfield>
      <subfield code="j">1</subfield>
      <subfield code="z">pa</subfield>
      <subfield code="d">2024-11-01 15:30:06 US/Eastern</subfield>
      <subfield code="p">32101105917445</subfield>
      <subfield code="y">recap</subfield>
    </datafield>
    <datafield tag="876" ind1=" " ind2=" ">
      <subfield code="0">22536308040006421</subfield>
      <subfield code="a">23536306540006421</subfield>
      <subfield code="3">vol.108, no.9-12 May-June 2015</subfield>
      <subfield code="j">1</subfield>
      <subfield code="z">stacks</subfield>
      <subfield code="d">2017-01-19 19:00:00 US/Eastern</subfield>
      <subfield code="p">32101098431891</subfield>
      <subfield code="t">1</subfield>
      <subfield code="y">annex</subfield>
    </datafield>
    <datafield tag="876" ind1=" " ind2=" ">
      <subfield code="0">22536308040006421</subfield>
      <subfield code="a">23536306580006421</subfield>
      <subfield code="3">vol. 105, no.9-12 Nov-Dec 2013</subfield>
      <subfield code="j">1</subfield>
      <subfield code="z">stacks</subfield>
      <subfield code="d">2014-04-15 20:00:00 US/Eastern</subfield>
      <subfield code="p">32101087405831</subfield>
      <subfield code="t">1</subfield>
      <subfield code="y">annex</subfield>
    </datafield>
    <datafield tag="876" ind1=" " ind2=" ">
      <subfield code="0">221010559170006421</subfield>
      <subfield code="a">23906852760006421</subfield>
      <subfield code="3">vol. 117, no. 1-3  (2019)</subfield>
      <subfield code="j">0</subfield>
      <subfield code="x">WORK_ORDER_DEPARTMENT</subfield>
      <subfield code="z">pa</subfield>
      <subfield code="d">2020-03-01 19:00:00 US/Eastern</subfield>
      <subfield code="p">32101110867429</subfield>
      <subfield code="y">recap</subfield>
    </datafield>
    <datafield tag="876" ind1=" " ind2=" ">
      <subfield code="0">221010559170006421</subfield>
      <subfield code="a">231031600540006421</subfield>
      <subfield code="3">vol.59, no.9-16 (May - Aug. 1990)</subfield>
      <subfield code="j">1</subfield>
      <subfield code="z">pa</subfield>
      <subfield code="d">2024-10-25 15:05:25 US/Eastern</subfield>
      <subfield code="p">32101105917239</subfield>
      <subfield code="y">recap</subfield>
    </datafield>
    <datafield tag="876" ind1=" " ind2=" ">
      <subfield code="0">221010559170006421</subfield>
      <subfield code="a">23536307700006421</subfield>
      <subfield code="3">vol.69, no.1-6 (Jul.-Sept.1995)</subfield>
      <subfield code="j">1</subfield>
      <subfield code="z">pa</subfield>
      <subfield code="d">2000-06-12 20:00:00 US/Eastern</subfield>
      <subfield code="p">32101105917460</subfield>
      <subfield code="t">1</subfield>
      <subfield code="y">recap</subfield>
    </datafield>
    <datafield tag="876" ind1=" " ind2=" ">
      <subfield code="0">22536308040006421</subfield>
      <subfield code="a">23536306520006421</subfield>
      <subfield code="3">vol.112, no. 1-4 Jan-Feb.  2017</subfield>
      <subfield code="j">1</subfield>
      <subfield code="z">stacks</subfield>
      <subfield code="d">2018-01-15 19:00:00 US/Eastern</subfield>
      <subfield code="p">32101101318622</subfield>
      <subfield code="t">1</subfield>
      <subfield code="y">annex</subfield>
    </datafield>
    <datafield tag="876" ind1=" " ind2=" ">
      <subfield code="0">22536308040006421</subfield>
      <subfield code="a">23906852740006421</subfield>
      <subfield code="3">vol. 117, no. 4-6 (Aug.Sept. 2019)</subfield>
      <subfield code="j">1</subfield>
      <subfield code="z">stacks</subfield>
      <subfield code="d">2020-03-01 19:00:00 US/Eastern</subfield>
      <subfield code="p">32101110867403</subfield>
      <subfield code="y">annex</subfield>
    </datafield>
    <datafield tag="876" ind1=" " ind2=" ">
      <subfield code="0">22536308040006421</subfield>
      <subfield code="a">23536306410006421</subfield>
      <subfield code="3">vol.113, no.9-12 Nov-Dec 2017</subfield>
      <subfield code="j">1</subfield>
      <subfield code="z">stacks</subfield>
      <subfield code="d">2019-07-17 20:00:00 US/Eastern</subfield>
      <subfield code="p">32101107996215</subfield>
      <subfield code="t">1</subfield>
      <subfield code="y">annex</subfield>
    </datafield>
    <datafield tag="876" ind1=" " ind2=" ">
      <subfield code="0">22536308040006421</subfield>
      <subfield code="a">23536306430006421</subfield>
      <subfield code="3">vol. 114, no. 6 Mar, 25 2018</subfield>
      <subfield code="j">1</subfield>
      <subfield code="z">stacks</subfield>
      <subfield code="d">2019-10-09 20:00:00 US/Eastern</subfield>
      <subfield code="p">32101102769989</subfield>
      <subfield code="t">1</subfield>
      <subfield code="y">annex</subfield>
    </datafield>
    <datafield tag="876" ind1=" " ind2=" ">
      <subfield code="0">22536308040006421</subfield>
      <subfield code="a">23536306450006421</subfield>
      <subfield code="3">vol.113, no. 5-7 Sept-Oct, 2017</subfield>
      <subfield code="j">1</subfield>
      <subfield code="z">stacks</subfield>
      <subfield code="d">2018-09-25 20:00:00 US/Eastern</subfield>
      <subfield code="p">32101102769120</subfield>
      <subfield code="t">1</subfield>
      <subfield code="y">annex</subfield>
    </datafield>
    <datafield tag="876" ind1=" " ind2=" ">
      <subfield code="0">221010559170006421</subfield>
      <subfield code="a">231031428540006421</subfield>
      <subfield code="3">vol.51, no.13-24 (July - Dec. 1982)</subfield>
      <subfield code="j">1</subfield>
      <subfield code="z">pa</subfield>
      <subfield code="d">2024-10-23 12:21:16 US/Eastern</subfield>
      <subfield code="p">32101105917031</subfield>
      <subfield code="y">recap</subfield>
    </datafield>
    <datafield tag="876" ind1=" " ind2=" ">
      <subfield code="0">22536308040006421</subfield>
      <subfield code="a">23536306960006421</subfield>
      <subfield code="3">vol. 103, no. 1-6 July-Sep. , 2012</subfield>
      <subfield code="j">1</subfield>
      <subfield code="z">stacks</subfield>
      <subfield code="d">2013-04-21 20:00:00 US/Eastern</subfield>
      <subfield code="p">32101054345721</subfield>
      <subfield code="t">1</subfield>
      <subfield code="y">annex</subfield>
    </datafield>
    <datafield tag="876" ind1=" " ind2=" ">
      <subfield code="0">22536308040006421</subfield>
      <subfield code="a">23536306950006421</subfield>
      <subfield code="3">vol. 101, no. 3 Aug. 2011</subfield>
      <subfield code="j">1</subfield>
      <subfield code="z">stacks</subfield>
      <subfield code="d">2013-05-21 20:00:00 US/Eastern</subfield>
      <subfield code="p">32101087381446</subfield>
      <subfield code="t">1</subfield>
      <subfield code="y">annex</subfield>
    </datafield>
    <datafield tag="876" ind1=" " ind2=" ">
      <subfield code="0">221010559170006421</subfield>
      <subfield code="a">231006224390006421</subfield>
      <subfield code="3">vol. 124, no. 1-6 (2023)</subfield>
      <subfield code="j">1</subfield>
      <subfield code="z">pa</subfield>
      <subfield code="d">2024-01-24 09:55:20 US/Eastern</subfield>
      <subfield code="p">32101114675372</subfield>
      <subfield code="y">recap</subfield>
    </datafield>
    <datafield tag="876" ind1=" " ind2=" ">
      <subfield code="0">221010559170006421</subfield>
      <subfield code="a">231006772760006421</subfield>
      <subfield code="3">vol. 125 no. 6-10 </subfield>
      <subfield code="j">1</subfield>
      <subfield code="z">pa</subfield>
      <subfield code="d">2024-02-01 14:30:18 US/Eastern</subfield>
      <subfield code="y">recap</subfield>
    </datafield>
    <datafield tag="876" ind1=" " ind2=" ">
      <subfield code="0">221010559170006421</subfield>
      <subfield code="a">23536307120006421</subfield>
      <subfield code="3">vol. 94, no. 7-12 (Apr.-June 2008)</subfield>
      <subfield code="j">0</subfield>
      <subfield code="x">TRANSIT</subfield>
      <subfield code="z">pa</subfield>
      <subfield code="d">2009-02-03 19:00:00 US/Eastern</subfield>
      <subfield code="p">32101069130787</subfield>
      <subfield code="t">1</subfield>
      <subfield code="y">recap</subfield>
    </datafield>
    <datafield tag="876" ind1=" " ind2=" ">
      <subfield code="0">221010559170006421</subfield>
      <subfield code="a">23536307130006421</subfield>
      <subfield code="3">vol. 94, no. 1-6 (Jan.-Mar. 2008)</subfield>
      <subfield code="j">0</subfield>
      <subfield code="x">TRANSIT</subfield>
      <subfield code="z">pa</subfield>
      <subfield code="d">2008-06-11 20:00:00 US/Eastern</subfield>
      <subfield code="p">32101065228379</subfield>
      <subfield code="t">1</subfield>
      <subfield code="y">recap</subfield>
    </datafield>
    <datafield tag="876" ind1=" " ind2=" ">
      <subfield code="0">22536308040006421</subfield>
      <subfield code="a">23536306780006421</subfield>
      <subfield code="3">vol. 109, no.9-12 Nov-Dec 2015</subfield>
      <subfield code="j">1</subfield>
      <subfield code="z">stacks</subfield>
      <subfield code="d">2016-09-06 20:00:00 US/Eastern</subfield>
      <subfield code="p">32101098579186</subfield>
      <subfield code="t">1</subfield>
      <subfield code="y">annex</subfield>
    </datafield>
    <datafield tag="876" ind1=" " ind2=" ">
      <subfield code="0">22536308040006421</subfield>
      <subfield code="a">23536306770006421</subfield>
      <subfield code="3">vol.110, no.1-4 Jan-Feb .2016</subfield>
      <subfield code="j">1</subfield>
      <subfield code="z">stacks</subfield>
      <subfield code="d">2016-12-19 19:00:00 US/Eastern</subfield>
      <subfield code="p">32101100271939</subfield>
      <subfield code="t">1</subfield>
      <subfield code="y">annex</subfield>
    </datafield>
    <datafield tag="876" ind1=" " ind2=" ">
      <subfield code="0">22536308040006421</subfield>
      <subfield code="a">23536306730006421</subfield>
      <subfield code="3">vol.111,no.1-6 (inc.) July-Sept.2016</subfield>
      <subfield code="j">1</subfield>
      <subfield code="z">stacks</subfield>
      <subfield code="d">2017-09-19 20:00:00 US/Eastern</subfield>
      <subfield code="p">32101100277142</subfield>
      <subfield code="t">1</subfield>
      <subfield code="y">annex</subfield>
    </datafield>
    <datafield tag="876" ind1=" " ind2=" ">
      <subfield code="0">221010559170006421</subfield>
      <subfield code="a">231028551020006421</subfield>
      <subfield code="3">vol. 117, no. 9-11 (Nov.-Dec. 2019)</subfield>
      <subfield code="j">1</subfield>
      <subfield code="z">pa</subfield>
      <subfield code="d">2020-03-01 19:00:00 US/Eastern</subfield>
      <subfield code="p">32101114661489</subfield>
      <subfield code="t">1</subfield>
      <subfield code="y">recap</subfield>
    </datafield>
    <datafield tag="876" ind1=" " ind2=" ">
      <subfield code="0">22536308040006421</subfield>
      <subfield code="a">23536306740006421</subfield>
      <subfield code="3">vol.110, no.9-12(inc.) May-June 2016</subfield>
      <subfield code="j">1</subfield>
      <subfield code="z">stacks</subfield>
      <subfield code="d">2016-12-19 19:00:00 US/Eastern</subfield>
      <subfield code="p">32101100271947</subfield>
      <subfield code="t">1</subfield>
      <subfield code="y">annex</subfield>
    </datafield>
    <datafield tag="876" ind1=" " ind2=" ">
      <subfield code="0">221010559170006421</subfield>
      <subfield code="a">23536307340006421</subfield>
      <subfield code="3">vol. 86, no. 1-6 (Jan.-Mar. 2004)</subfield>
      <subfield code="j">0</subfield>
      <subfield code="x">TRANSIT</subfield>
      <subfield code="z">pa</subfield>
      <subfield code="d">2004-07-05 20:00:00 US/Eastern</subfield>
      <subfield code="p">32101051552485</subfield>
      <subfield code="t">1</subfield>
      <subfield code="y">recap</subfield>
    </datafield>
    <datafield tag="876" ind1=" " ind2=" ">
      <subfield code="0">221010559170006421</subfield>
      <subfield code="a">23536307170006421</subfield>
      <subfield code="3">vol. 92, no. 7-12 (Apr.-June 2007)</subfield>
      <subfield code="j">0</subfield>
      <subfield code="x">TRANSIT</subfield>
      <subfield code="z">pa</subfield>
      <subfield code="d">2007-12-09 19:00:00 US/Eastern</subfield>
      <subfield code="p">32101066220227</subfield>
      <subfield code="t">1</subfield>
      <subfield code="y">recap</subfield>
    </datafield>
    <datafield tag="876" ind1=" " ind2=" ">
      <subfield code="0">221010559170006421</subfield>
      <subfield code="a">231031740380006421</subfield>
      <subfield code="3">vol.67, no.9/10-12 (Nov. - Dec. 1994)</subfield>
      <subfield code="j">1</subfield>
      <subfield code="z">pa</subfield>
      <subfield code="d">2024-10-31 12:09:27 US/Eastern</subfield>
      <subfield code="p">32101105917395</subfield>
      <subfield code="y">recap</subfield>
    </datafield>
    <datafield tag="876" ind1=" " ind2=" ">
      <subfield code="0">221010559170006421</subfield>
      <subfield code="a">23536307350006421</subfield>
      <subfield code="3">vol. 85, no. 7-12 (Oct.-Dec. 2003)</subfield>
      <subfield code="j">0</subfield>
      <subfield code="x">TRANSIT</subfield>
      <subfield code="z">pa</subfield>
      <subfield code="d">2004-04-15 20:00:00 US/Eastern</subfield>
      <subfield code="p">32101051314449</subfield>
      <subfield code="t">1</subfield>
      <subfield code="y">recap</subfield>
    </datafield>
    <datafield tag="876" ind1=" " ind2=" ">
      <subfield code="0">22536308040006421</subfield>
      <subfield code="a">23536306910006421</subfield>
      <subfield code="3">vol. 104, no.9-12 May-June 2013</subfield>
      <subfield code="j">1</subfield>
      <subfield code="z">stacks</subfield>
      <subfield code="d">2013-12-12 19:00:00 US/Eastern</subfield>
      <subfield code="p">32101083573749</subfield>
      <subfield code="t">1</subfield>
      <subfield code="y">annex</subfield>
    </datafield>
    <datafield tag="876" ind1=" " ind2=" ">
      <subfield code="0">221010559170006421</subfield>
      <subfield code="a">23536307160006421</subfield>
      <subfield code="3">vol. 93, no. 1-6 (July-Sept. 2007)</subfield>
      <subfield code="j">0</subfield>
      <subfield code="x">TRANSIT</subfield>
      <subfield code="z">pa</subfield>
      <subfield code="d">2008-04-15 20:00:00 US/Eastern</subfield>
      <subfield code="p">32101065969352</subfield>
      <subfield code="t">1</subfield>
      <subfield code="y">recap</subfield>
    </datafield>
    <datafield tag="876" ind1=" " ind2=" ">
      <subfield code="0">221010559170006421</subfield>
      <subfield code="a">231031428500006421</subfield>
      <subfield code="3">vol.53, no.1-12 (Jan. - June 1984)</subfield>
      <subfield code="j">1</subfield>
      <subfield code="z">pa</subfield>
      <subfield code="d">2024-10-23 12:25:30 US/Eastern</subfield>
      <subfield code="p">32101105917064</subfield>
      <subfield code="y">recap</subfield>
    </datafield>
    <datafield tag="876" ind1=" " ind2=" ">
      <subfield code="0">221010559170006421</subfield>
      <subfield code="a">23536307300006421</subfield>
      <subfield code="3">vol. 87, no. 1-6 (July-Sept. 2004)</subfield>
      <subfield code="j">0</subfield>
      <subfield code="x">TRANSIT</subfield>
      <subfield code="z">pa</subfield>
      <subfield code="d">2005-04-04 20:00:00 US/Eastern</subfield>
      <subfield code="p">32101055530735</subfield>
      <subfield code="t">1</subfield>
      <subfield code="y">recap</subfield>
    </datafield>
    <datafield tag="876" ind1=" " ind2=" ">
      <subfield code="0">22536308040006421</subfield>
      <subfield code="a">23536306920006421</subfield>
      <subfield code="3">vol. 104, no.5-8 March-April 2013</subfield>
      <subfield code="j">1</subfield>
      <subfield code="z">stacks</subfield>
      <subfield code="d">2013-12-12 19:00:00 US/Eastern</subfield>
      <subfield code="p">32101083573707</subfield>
      <subfield code="t">1</subfield>
      <subfield code="y">annex</subfield>
    </datafield>
    <datafield tag="876" ind1=" " ind2=" ">
      <subfield code="0">22536308040006421</subfield>
      <subfield code="a">23536306990006421</subfield>
      <subfield code="3">vol. 102, no. 1-3 Jan.-Feb. 10, 2012</subfield>
      <subfield code="j">1</subfield>
      <subfield code="z">stacks</subfield>
      <subfield code="d">2012-11-25 19:00:00 US/Eastern</subfield>
      <subfield code="p">32101085991709</subfield>
      <subfield code="t">1</subfield>
      <subfield code="y">annex</subfield>
    </datafield>
    <datafield tag="876" ind1=" " ind2=" ">
      <subfield code="0">221010559170006421</subfield>
      <subfield code="a">23536307380006421</subfield>
      <subfield code="3">vol. 84, no. 1-6 (Jan.-Mar. 2003)</subfield>
      <subfield code="j">0</subfield>
      <subfield code="x">TRANSIT</subfield>
      <subfield code="z">pa</subfield>
      <subfield code="d">2004-04-15 20:00:00 US/Eastern</subfield>
      <subfield code="p">32101051314605</subfield>
      <subfield code="t">1</subfield>
      <subfield code="y">recap</subfield>
    </datafield>
    <datafield tag="876" ind1=" " ind2=" ">
      <subfield code="0">221010559170006421</subfield>
      <subfield code="a">23536307390006421</subfield>
      <subfield code="3">vol. 83, no. 7-12 (Oct.-Dec. 2002)</subfield>
      <subfield code="j">0</subfield>
      <subfield code="x">TRANSIT</subfield>
      <subfield code="z">pa</subfield>
      <subfield code="d">2003-03-06 19:00:00 US/Eastern</subfield>
      <subfield code="p">32101047514896</subfield>
      <subfield code="t">1</subfield>
      <subfield code="y">recap</subfield>
    </datafield>
    <datafield tag="876" ind1=" " ind2=" ">
      <subfield code="0">221010559170006421</subfield>
      <subfield code="a">231031740550006421</subfield>
      <subfield code="3">vol.65, no.1-6 (July - Sept. 1993)</subfield>
      <subfield code="j">1</subfield>
      <subfield code="z">pa</subfield>
      <subfield code="d">2024-10-31 11:42:44 US/Eastern</subfield>
      <subfield code="p">32101105917346</subfield>
      <subfield code="y">recap</subfield>
    </datafield>
    <datafield tag="876" ind1=" " ind2=" ">
      <subfield code="0">221010559170006421</subfield>
      <subfield code="a">231031740560006421</subfield>
      <subfield code="3">vol.64, no.7-12 (Apr. - June 1993)</subfield>
      <subfield code="j">1</subfield>
      <subfield code="z">pa</subfield>
      <subfield code="d">2024-10-31 11:41:02 US/Eastern</subfield>
      <subfield code="p">32101105917338</subfield>
      <subfield code="y">recap</subfield>
    </datafield>
    <datafield tag="876" ind1=" " ind2=" ">
      <subfield code="0">22536308040006421</subfield>
      <subfield code="a">23536306400006421</subfield>
      <subfield code="3">vol. 114, no. 1-4 Jan-Feb 2018</subfield>
      <subfield code="j">1</subfield>
      <subfield code="z">stacks</subfield>
      <subfield code="d">2019-07-17 20:00:00 US/Eastern</subfield>
      <subfield code="p">32101107996272</subfield>
      <subfield code="t">1</subfield>
      <subfield code="y">annex</subfield>
    </datafield>
    <datafield tag="876" ind1=" " ind2=" ">
      <subfield code="0">221010559170006421</subfield>
      <subfield code="a">23536307750006421</subfield>
      <subfield code="3">vol.68, no.7-12 (Apr. - June 1995)</subfield>
      <subfield code="j">1</subfield>
      <subfield code="z">pa</subfield>
      <subfield code="d">2000-06-12 20:00:00 US/Eastern</subfield>
      <subfield code="p">32101105917452</subfield>
      <subfield code="t">1</subfield>
      <subfield code="y">recap</subfield>
    </datafield>
    <datafield tag="876" ind1=" " ind2=" ">
      <subfield code="0">221010559170006421</subfield>
      <subfield code="a">231031372720006421</subfield>
      <subfield code="3">vol.57, no.17-24 (Sept. - Dec. 1988)</subfield>
      <subfield code="j">1</subfield>
      <subfield code="z">pa</subfield>
      <subfield code="d">2024-10-24 14:20:57 US/Eastern</subfield>
      <subfield code="p">32101105917163</subfield>
      <subfield code="y">recap</subfield>
    </datafield>
    <datafield tag="876" ind1=" " ind2=" ">
      <subfield code="0">221010559170006421</subfield>
      <subfield code="a">23536307460006421</subfield>
      <subfield code="3">vol.62, no.7-12 (Apr. - June1992)</subfield>
      <subfield code="j">1</subfield>
      <subfield code="z">pa</subfield>
      <subfield code="d">2002-04-17 20:00:00 US/Eastern</subfield>
      <subfield code="p">32101105917296</subfield>
      <subfield code="t">1</subfield>
      <subfield code="y">recap</subfield>
    </datafield>
    <datafield tag="876" ind1=" " ind2=" ">
      <subfield code="0">221010559170006421</subfield>
      <subfield code="a">23536307640006421</subfield>
      <subfield code="3">vol.71,no.1-6 (Jul.-Sept.1996)</subfield>
      <subfield code="j">1</subfield>
      <subfield code="z">pa</subfield>
      <subfield code="d">2000-06-12 20:00:00 US/Eastern</subfield>
      <subfield code="p">32101105917510</subfield>
      <subfield code="t">1</subfield>
      <subfield code="y">recap</subfield>
    </datafield>
    <datafield tag="876" ind1=" " ind2=" ">
      <subfield code="0">221010559170006421</subfield>
      <subfield code="a">23536307570006421</subfield>
      <subfield code="3">vol.74, no.7-12 (Apr.-June 1998)</subfield>
      <subfield code="j">1</subfield>
      <subfield code="z">pa</subfield>
      <subfield code="d">2000-06-12 20:00:00 US/Eastern</subfield>
      <subfield code="p">32101105917585</subfield>
      <subfield code="t">1</subfield>
      <subfield code="y">recap</subfield>
    </datafield>
    <datafield tag="876" ind1=" " ind2=" ">
      <subfield code="0">221010559170006421</subfield>
      <subfield code="a">23536307530006421</subfield>
      <subfield code="3">vol.76, no. 7-12 (Apr.-June 1999)</subfield>
      <subfield code="j">1</subfield>
      <subfield code="z">pa</subfield>
      <subfield code="d">2000-11-15 19:00:00 US/Eastern</subfield>
      <subfield code="p">32101105917627</subfield>
      <subfield code="t">1</subfield>
      <subfield code="y">recap</subfield>
    </datafield>
    <datafield tag="876" ind1=" " ind2=" ">
      <subfield code="0">22536308040006421</subfield>
      <subfield code="a">23536306550006421</subfield>
      <subfield code="3">vol. 107, no.10-12 Nov-Dec 2014</subfield>
      <subfield code="j">1</subfield>
      <subfield code="z">stacks</subfield>
      <subfield code="d">2015-05-07 20:00:00 US/Eastern</subfield>
      <subfield code="p">32101094790498</subfield>
      <subfield code="t">1</subfield>
      <subfield code="y">annex</subfield>
    </datafield>
    <datafield tag="876" ind1=" " ind2=" ">
      <subfield code="0">221010559170006421</subfield>
      <subfield code="a">23536307600006421</subfield>
      <subfield code="3">vol.73, no.1-6 (Jul.-Sept.1997)</subfield>
      <subfield code="j">1</subfield>
      <subfield code="z">pa</subfield>
      <subfield code="d">2000-06-12 20:00:00 US/Eastern</subfield>
      <subfield code="p">32101105917551</subfield>
      <subfield code="t">1</subfield>
      <subfield code="y">recap</subfield>
    </datafield>
    <datafield tag="876" ind1=" " ind2=" ">
      <subfield code="0">22536308040006421</subfield>
      <subfield code="a">23536306370006421</subfield>
      <subfield code="3">vol. 101, no. 4-6 Aug.-Sept. 2011</subfield>
      <subfield code="j">1</subfield>
      <subfield code="z">stacks</subfield>
      <subfield code="d">2012-04-22 20:00:00 US/Eastern</subfield>
      <subfield code="p">32101086287735</subfield>
      <subfield code="t">1</subfield>
      <subfield code="y">annex</subfield>
    </datafield>
    <datafield tag="876" ind1=" " ind2=" ">
      <subfield code="0">221010559170006421</subfield>
      <subfield code="a">23536306620006421</subfield>
      <subfield code="3">vol. 97, no. 1-6 (July-Sept. 2009)</subfield>
      <subfield code="j">0</subfield>
      <subfield code="x">TRANSIT</subfield>
      <subfield code="z">pa</subfield>
      <subfield code="d">2010-01-06 19:00:00 US/Eastern</subfield>
      <subfield code="p">32101077002614</subfield>
      <subfield code="t">1</subfield>
      <subfield code="y">recap</subfield>
    </datafield>
    <datafield tag="876" ind1=" " ind2=" ">
      <subfield code="0">221010559170006421</subfield>
      <subfield code="a">23536306660006421</subfield>
      <subfield code="3">vol. 81, no. 7-12 (Oct.-Dec. 2001)</subfield>
      <subfield code="j">0</subfield>
      <subfield code="x">TRANSIT</subfield>
      <subfield code="z">pa</subfield>
      <subfield code="d">2002-06-04 20:00:00 US/Eastern</subfield>
      <subfield code="p">32101042937407</subfield>
      <subfield code="t">1</subfield>
      <subfield code="y">recap</subfield>
    </datafield>
    <datafield tag="876" ind1=" " ind2=" ">
      <subfield code="0">221010559170006421</subfield>
      <subfield code="a">231031427710006421</subfield>
      <subfield code="3">vol.55, no. 13-24 (July - Dec. 1986)</subfield>
      <subfield code="j">1</subfield>
      <subfield code="z">pa</subfield>
      <subfield code="d">2024-10-23 14:45:42 US/Eastern</subfield>
      <subfield code="p">32101105917114</subfield>
      <subfield code="y">recap</subfield>
    </datafield>
    <datafield tag="876" ind1=" " ind2=" ">
      <subfield code="0">221010559170006421</subfield>
      <subfield code="a">231031600530006421</subfield>
      <subfield code="3">vol.59, no.17-24 (Sept. - Dec. 1990)</subfield>
      <subfield code="j">1</subfield>
      <subfield code="z">pa</subfield>
      <subfield code="d">2024-10-25 15:07:53 US/Eastern</subfield>
      <subfield code="p">32101105917247</subfield>
      <subfield code="y">recap</subfield>
    </datafield>
    <datafield tag="876" ind1=" " ind2=" ">
      <subfield code="0">221010559170006421</subfield>
      <subfield code="a">231031410620006421</subfield>
      <subfield code="3">vol.50, no.1-12 (Jan. - June 1981)</subfield>
      <subfield code="j">1</subfield>
      <subfield code="z">pa</subfield>
      <subfield code="d">2024-10-22 11:33:23 US/Eastern</subfield>
      <subfield code="p">32101105916991</subfield>
      <subfield code="y">recap</subfield>
    </datafield>
    <datafield tag="876" ind1=" " ind2=" ">
      <subfield code="0">22536308040006421</subfield>
      <subfield code="a">23536306590006421</subfield>
      <subfield code="3">vol. 105, no.5-8 Sept-Oct 2013</subfield>
      <subfield code="j">1</subfield>
      <subfield code="z">stacks</subfield>
      <subfield code="d">2014-04-15 20:00:00 US/Eastern</subfield>
      <subfield code="p">32101087405823</subfield>
      <subfield code="t">1</subfield>
      <subfield code="y">annex</subfield>
    </datafield>
    <datafield tag="876" ind1=" " ind2=" ">
      <subfield code="0">221010559170006421</subfield>
      <subfield code="a">231015025420006421</subfield>
      <subfield code="3">vol. 118, no. 7-12 (2020 )</subfield>
      <subfield code="j">1</subfield>
      <subfield code="z">pa</subfield>
      <subfield code="d">2024-03-25 13:42:57 US/Eastern</subfield>
      <subfield code="p">32101095630362</subfield>
      <subfield code="y">recap</subfield>
    </datafield>
    <datafield tag="876" ind1=" " ind2=" ">
      <subfield code="0">221010559170006421</subfield>
      <subfield code="a">23536307790006421</subfield>
      <subfield code="3">vol. 118, no. 1-6 (2020 )</subfield>
      <subfield code="j">1</subfield>
      <subfield code="z">pa</subfield>
      <subfield code="d">2021-07-12 13:31:27 US/Eastern</subfield>
      <subfield code="p">32101095630370</subfield>
      <subfield code="y">recap</subfield>
    </datafield>
    <datafield tag="876" ind1=" " ind2=" ">
      <subfield code="0">22536308040006421</subfield>
      <subfield code="a">23536306510006421</subfield>
      <subfield code="3">vol.112, no. 5-8 Mar. 10-Apr. 25,  2017</subfield>
      <subfield code="j">1</subfield>
      <subfield code="z">stacks</subfield>
      <subfield code="d">2018-01-15 19:00:00 US/Eastern</subfield>
      <subfield code="p">32101101316790</subfield>
      <subfield code="t">1</subfield>
      <subfield code="y">annex</subfield>
    </datafield>
    <datafield tag="876" ind1=" " ind2=" ">
      <subfield code="0">221010559170006421</subfield>
      <subfield code="a">231006224430006421</subfield>
      <subfield code="3">vol. 120, no. 7-12 (2020 )</subfield>
      <subfield code="j">1</subfield>
      <subfield code="z">pa</subfield>
      <subfield code="d">2024-01-24 09:54:08 US/Eastern</subfield>
      <subfield code="p">32101095630354</subfield>
      <subfield code="y">recap</subfield>
    </datafield>
    <datafield tag="876" ind1=" " ind2=" ">
      <subfield code="0">221010559170006421</subfield>
      <subfield code="a">23536307820006421</subfield>
      <subfield code="3">vol. 117, no. 7 (Oct. 2019)</subfield>
      <subfield code="j">1</subfield>
      <subfield code="z">pa</subfield>
      <subfield code="d">2020-03-01 19:00:00 US/Eastern</subfield>
      <subfield code="p">32101114661471</subfield>
      <subfield code="t">1</subfield>
      <subfield code="y">recap</subfield>
    </datafield>
    <datafield tag="876" ind1=" " ind2=" ">
      <subfield code="0">22536308040006421</subfield>
      <subfield code="a">23536306440006421</subfield>
      <subfield code="3">vol.114, no. 9-12 May-June, 2018</subfield>
      <subfield code="j">1</subfield>
      <subfield code="z">stacks</subfield>
      <subfield code="d">2019-07-17 20:00:00 US/Eastern</subfield>
      <subfield code="p">32101107996231</subfield>
      <subfield code="t">1</subfield>
      <subfield code="y">annex</subfield>
    </datafield>
    <datafield tag="876" ind1=" " ind2=" ">
      <subfield code="0">221010559170006421</subfield>
      <subfield code="a">231006224440006421</subfield>
      <subfield code="3">vol. 119, no. 1-6 (2020)</subfield>
      <subfield code="j">1</subfield>
      <subfield code="z">pa</subfield>
      <subfield code="d">2024-01-24 09:53:30 US/Eastern</subfield>
      <subfield code="p">32101095630339</subfield>
      <subfield code="y">recap</subfield>
    </datafield>
    <datafield tag="876" ind1=" " ind2=" ">
      <subfield code="0">221010559170006421</subfield>
      <subfield code="a">231031600440006421</subfield>
      <subfield code="3">vol.61, no.7-12 (Oct. - Dec. 1991)</subfield>
      <subfield code="j">1</subfield>
      <subfield code="z">pa</subfield>
      <subfield code="d">2024-10-25 15:12:23 US/Eastern</subfield>
      <subfield code="p">32101105917270</subfield>
      <subfield code="y">recap</subfield>
    </datafield>
    <datafield tag="876" ind1=" " ind2=" ">
      <subfield code="0">221010559170006421</subfield>
      <subfield code="a">23536306670006421</subfield>
      <subfield code="3">vol. 81, no. 1-6 (July-Sept. 2001)</subfield>
      <subfield code="j">0</subfield>
      <subfield code="x">TRANSIT</subfield>
      <subfield code="z">pa</subfield>
      <subfield code="d">2002-06-04 20:00:00 US/Eastern</subfield>
      <subfield code="p">32101042937605</subfield>
      <subfield code="t">1</subfield>
      <subfield code="y">recap</subfield>
    </datafield>
    <datafield tag="876" ind1=" " ind2=" ">
      <subfield code="0">221010559170006421</subfield>
      <subfield code="a">231031600450006421</subfield>
      <subfield code="3">vol.61, no.1-6 (July - Sept. 1991)</subfield>
      <subfield code="j">1</subfield>
      <subfield code="z">pa</subfield>
      <subfield code="d">2024-10-25 15:11:29 US/Eastern</subfield>
      <subfield code="p">32101105917262</subfield>
      <subfield code="y">recap</subfield>
    </datafield>
    <datafield tag="876" ind1=" " ind2=" ">
      <subfield code="0">22536308040006421</subfield>
      <subfield code="a">23536306690006421</subfield>
      <subfield code="3">vol. 115, no. 7-12 (inc.) Oct-Dec 2018</subfield>
      <subfield code="j">1</subfield>
      <subfield code="z">stacks</subfield>
      <subfield code="d">2019-10-08 20:00:00 US/Eastern</subfield>
      <subfield code="p">32101101567509</subfield>
      <subfield code="t">1</subfield>
      <subfield code="y">annex</subfield>
    </datafield>
    <datafield tag="876" ind1=" " ind2=" ">
      <subfield code="0">221010559170006421</subfield>
      <subfield code="a">23536306680006421</subfield>
      <subfield code="3">vol. 57 no.9-16 (May - Aug. 1988)</subfield>
      <subfield code="j">1</subfield>
      <subfield code="z">pa</subfield>
      <subfield code="d">2001-12-19 19:00:00 US/Eastern</subfield>
      <subfield code="p">32101105917155</subfield>
      <subfield code="t">1</subfield>
      <subfield code="y">recap</subfield>
    </datafield>
    <datafield tag="876" ind1=" " ind2=" ">
      <subfield code="0">221010559170006421</subfield>
      <subfield code="a">23536307250006421</subfield>
      <subfield code="3">vol. 89, no. 7-12 (Oct.-Dec. 2005)</subfield>
      <subfield code="j">0</subfield>
      <subfield code="x">TRANSIT</subfield>
      <subfield code="z">pa</subfield>
      <subfield code="d">2006-07-13 20:00:00 US/Eastern</subfield>
      <subfield code="p">32101061590863</subfield>
      <subfield code="t">1</subfield>
      <subfield code="y">recap</subfield>
    </datafield>
    <datafield tag="876" ind1=" " ind2=" ">
      <subfield code="0">221010559170006421</subfield>
      <subfield code="a">23536307260006421</subfield>
      <subfield code="3">vol. 89, no. 1-6 (July-Sept. 2005)</subfield>
      <subfield code="j">0</subfield>
      <subfield code="x">TRANSIT</subfield>
      <subfield code="z">pa</subfield>
      <subfield code="d">2005-12-11 19:00:00 US/Eastern</subfield>
      <subfield code="p">32101058294719</subfield>
      <subfield code="t">1</subfield>
      <subfield code="y">recap</subfield>
    </datafield>
    <datafield tag="876" ind1=" " ind2=" ">
      <subfield code="0">221010559170006421</subfield>
      <subfield code="a">231031372300006421</subfield>
      <subfield code="3">vol.58, no.9-16 (May - Aug. 1989)</subfield>
      <subfield code="j">1</subfield>
      <subfield code="z">pa</subfield>
      <subfield code="d">2024-10-24 15:01:16 US/Eastern</subfield>
      <subfield code="p">32101105917189</subfield>
      <subfield code="y">recap</subfield>
    </datafield>
    <datafield tag="876" ind1=" " ind2=" ">
      <subfield code="0">221010559170006421</subfield>
      <subfield code="a">231031740480006421</subfield>
      <subfield code="3">vol.66, no.7-12 (Apr. - June 1994)</subfield>
      <subfield code="j">1</subfield>
      <subfield code="z">pa</subfield>
      <subfield code="d">2024-10-31 11:52:00 US/Eastern</subfield>
      <subfield code="p">32101105917379</subfield>
      <subfield code="y">recap</subfield>
    </datafield>
    <datafield tag="876" ind1=" " ind2=" ">
      <subfield code="0">221010559170006421</subfield>
      <subfield code="a">231031740450006421</subfield>
      <subfield code="3">vol.67, no.4-8 (Aug. - Oct. 1994)</subfield>
      <subfield code="j">1</subfield>
      <subfield code="z">pa</subfield>
      <subfield code="d">2024-10-31 12:01:13 US/Eastern</subfield>
      <subfield code="p">32101105917387</subfield>
      <subfield code="y">recap</subfield>
    </datafield>
    <datafield tag="876" ind1=" " ind2=" ">
      <subfield code="0">221010559170006421</subfield>
      <subfield code="a">23536307220006421</subfield>
      <subfield code="3">vol. 91, no. 1-6 (July-Sept. 2006)</subfield>
      <subfield code="j">0</subfield>
      <subfield code="x">TRANSIT</subfield>
      <subfield code="z">pa</subfield>
      <subfield code="d">2007-05-15 20:00:00 US/Eastern</subfield>
      <subfield code="p">32101062592181</subfield>
      <subfield code="t">1</subfield>
      <subfield code="y">recap</subfield>
    </datafield>
    <datafield tag="876" ind1=" " ind2=" ">
      <subfield code="0">221010559170006421</subfield>
      <subfield code="a">231031428490006421</subfield>
      <subfield code="3">vol.53, no.13-24 (July - Dec. 1984)</subfield>
      <subfield code="j">1</subfield>
      <subfield code="z">pa</subfield>
      <subfield code="d">2024-10-23 12:26:29 US/Eastern</subfield>
      <subfield code="p">32101105917072</subfield>
      <subfield code="y">recap</subfield>
    </datafield>
    <datafield tag="876" ind1=" " ind2=" ">
      <subfield code="0">221010559170006421</subfield>
      <subfield code="a">23536307290006421</subfield>
      <subfield code="3">vol. 87, no. 7-12 (Oct.-Dec. 2004)</subfield>
      <subfield code="j">0</subfield>
      <subfield code="x">TRANSIT</subfield>
      <subfield code="z">pa</subfield>
      <subfield code="d">2005-04-04 20:00:00 US/Eastern</subfield>
      <subfield code="p">32101055530743</subfield>
      <subfield code="t">1</subfield>
      <subfield code="y">recap</subfield>
    </datafield>
    <datafield tag="876" ind1=" " ind2=" ">
      <subfield code="0">221010559170006421</subfield>
      <subfield code="a">23536307230006421</subfield>
      <subfield code="3">vol. 90, no. 7-12 (Apr.-June 2006)</subfield>
      <subfield code="j">0</subfield>
      <subfield code="x">TRANSIT</subfield>
      <subfield code="z">pa</subfield>
      <subfield code="d">2006-11-19 19:00:00 US/Eastern</subfield>
      <subfield code="p">32101061604516</subfield>
      <subfield code="t">1</subfield>
      <subfield code="y">recap</subfield>
    </datafield>
    <datafield tag="876" ind1=" " ind2=" ">
      <subfield code="0">221010559170006421</subfield>
      <subfield code="a">23536307210006421</subfield>
      <subfield code="3">vol. 91, no. 7-12 (Oct.-Dec. 2006)</subfield>
      <subfield code="j">0</subfield>
      <subfield code="x">TRANSIT</subfield>
      <subfield code="z">pa</subfield>
      <subfield code="d">2007-05-15 20:00:00 US/Eastern</subfield>
      <subfield code="p">32101062592215</subfield>
      <subfield code="t">1</subfield>
      <subfield code="y">recap</subfield>
    </datafield>
    <datafield tag="876" ind1=" " ind2=" ">
      <subfield code="0">221010559170006421</subfield>
      <subfield code="a">23536307200006421</subfield>
      <subfield code="3">vol. 92, no. 1-6 (Jan.-Mar. 2007)</subfield>
      <subfield code="j">0</subfield>
      <subfield code="x">TRANSIT</subfield>
      <subfield code="z">pa</subfield>
      <subfield code="d">2007-07-04 20:00:00 US/Eastern</subfield>
      <subfield code="p">32101062634108</subfield>
      <subfield code="t">1</subfield>
      <subfield code="y">recap</subfield>
    </datafield>
    <datafield tag="876" ind1=" " ind2=" ">
      <subfield code="0">221010559170006421</subfield>
      <subfield code="a">23536307240006421</subfield>
      <subfield code="3">vol. 90, no. 1-6 (Jan.-Mar.2006)</subfield>
      <subfield code="j">0</subfield>
      <subfield code="x">TRANSIT</subfield>
      <subfield code="z">pa</subfield>
      <subfield code="d">2006-07-13 20:00:00 US/Eastern</subfield>
      <subfield code="p">32101061590830</subfield>
      <subfield code="t">1</subfield>
      <subfield code="y">recap</subfield>
    </datafield>
    <datafield tag="876" ind1=" " ind2=" ">
      <subfield code="0">221010559170006421</subfield>
      <subfield code="a">23536307270006421</subfield>
      <subfield code="3">vol. 88, no. 7-12 (Apr.-June 2005)</subfield>
      <subfield code="j">0</subfield>
      <subfield code="x">TRANSIT</subfield>
      <subfield code="z">pa</subfield>
      <subfield code="d">2005-11-08 19:00:00 US/Eastern</subfield>
      <subfield code="p">32101058292242</subfield>
      <subfield code="t">1</subfield>
      <subfield code="y">recap</subfield>
    </datafield>
    <datafield tag="876" ind1=" " ind2=" ">
      <subfield code="0">221010559170006421</subfield>
      <subfield code="a">23536307280006421</subfield>
      <subfield code="3">vol. 88, no. 1-6 (Jan.-Mar. 2005)</subfield>
      <subfield code="j">0</subfield>
      <subfield code="x">TRANSIT</subfield>
      <subfield code="z">pa</subfield>
      <subfield code="d">2005-08-07 20:00:00 US/Eastern</subfield>
      <subfield code="p">32101059343788</subfield>
      <subfield code="t">1</subfield>
      <subfield code="y">recap</subfield>
    </datafield>
    <datafield tag="876" ind1=" " ind2=" ">
      <subfield code="0">221010559170006421</subfield>
      <subfield code="a">23536307580006421</subfield>
      <subfield code="3">vol.74, no.1-6 (Jan.-Mar. 1998)</subfield>
      <subfield code="j">1</subfield>
      <subfield code="z">pa</subfield>
      <subfield code="d">2000-06-12 20:00:00 US/Eastern</subfield>
      <subfield code="p">32101105917577</subfield>
      <subfield code="t">1</subfield>
      <subfield code="y">recap</subfield>
    </datafield>
    <datafield tag="876" ind1=" " ind2=" ">
      <subfield code="0">22536308040006421</subfield>
      <subfield code="a">23966406520006421</subfield>
      <subfield code="3">vol. 116, no. 1-6 (2019)</subfield>
      <subfield code="j">1</subfield>
      <subfield code="z">stacks</subfield>
      <subfield code="d">2019-07-08 20:00:00 US/Eastern</subfield>
      <subfield code="p">32101108949700</subfield>
      <subfield code="y">annex</subfield>
    </datafield>
    <datafield tag="876" ind1=" " ind2=" ">
      <subfield code="0">221010559170006421</subfield>
      <subfield code="a">23536307650006421</subfield>
      <subfield code="3">vol.70,no.7-12 (Apr.-Jun.1996)</subfield>
      <subfield code="j">1</subfield>
      <subfield code="z">pa</subfield>
      <subfield code="d">2000-06-12 20:00:00 US/Eastern</subfield>
      <subfield code="p">32101105917502</subfield>
      <subfield code="t">1</subfield>
      <subfield code="y">recap</subfield>
    </datafield>
    <datafield tag="876" ind1=" " ind2=" ">
      <subfield code="0">221010559170006421</subfield>
      <subfield code="a">231031372730006421</subfield>
      <subfield code="3">vol.57, no. 1-8 (Jan. - Apr. 1988)</subfield>
      <subfield code="j">1</subfield>
      <subfield code="z">pa</subfield>
      <subfield code="d">2024-10-24 14:17:46 US/Eastern</subfield>
      <subfield code="p">32101105917148</subfield>
      <subfield code="y">recap</subfield>
    </datafield>
    <datafield tag="876" ind1=" " ind2=" ">
      <subfield code="0">221010559170006421</subfield>
      <subfield code="a">23536307630006421</subfield>
      <subfield code="3">vol.71,no.7-12 (Oct.-Dec.1996)</subfield>
      <subfield code="j">1</subfield>
      <subfield code="z">pa</subfield>
      <subfield code="d">2000-06-12 20:00:00 US/Eastern</subfield>
      <subfield code="p">32101105917528</subfield>
      <subfield code="t">1</subfield>
      <subfield code="y">recap</subfield>
    </datafield>
    <datafield tag="876" ind1=" " ind2=" ">
      <subfield code="0">22536308040006421</subfield>
      <subfield code="a">23536306610006421</subfield>
      <subfield code="3">vol. 102, no. 4 Feb. 25, 2012</subfield>
      <subfield code="j">1</subfield>
      <subfield code="z">stacks</subfield>
      <subfield code="d">2013-02-03 19:00:00 US/Eastern</subfield>
      <subfield code="p">32101080898297</subfield>
      <subfield code="t">1</subfield>
      <subfield code="y">annex</subfield>
    </datafield>
    <datafield tag="876" ind1=" " ind2=" ">
      <subfield code="0">221010559170006421</subfield>
      <subfield code="a">23536307540006421</subfield>
      <subfield code="3">vol.76, no.1-6 (Jan.-Mar. 1999)</subfield>
      <subfield code="j">1</subfield>
      <subfield code="z">pa</subfield>
      <subfield code="d">2000-06-12 20:00:00 US/Eastern</subfield>
      <subfield code="p">32101105917619</subfield>
      <subfield code="t">1</subfield>
      <subfield code="y">recap</subfield>
    </datafield>
    <datafield tag="876" ind1=" " ind2=" ">
      <subfield code="0">221010559170006421</subfield>
      <subfield code="a">23536307690006421</subfield>
      <subfield code="3">vol.69, no.7-12 (Oct.-Dec.1995)</subfield>
      <subfield code="j">1</subfield>
      <subfield code="z">pa</subfield>
      <subfield code="d">2000-06-12 20:00:00 US/Eastern</subfield>
      <subfield code="p">32101105917478</subfield>
      <subfield code="t">1</subfield>
      <subfield code="y">recap</subfield>
    </datafield>
    <datafield tag="876" ind1=" " ind2=" ">
      <subfield code="0">221010559170006421</subfield>
      <subfield code="a">23536307610006421</subfield>
      <subfield code="3">vol.72, no.7-12 (Apr.-Jun.1997)</subfield>
      <subfield code="j">1</subfield>
      <subfield code="z">pa</subfield>
      <subfield code="d">2000-06-12 20:00:00 US/Eastern</subfield>
      <subfield code="p">32101105917544</subfield>
      <subfield code="t">1</subfield>
      <subfield code="y">recap</subfield>
    </datafield>
    <datafield tag="876" ind1=" " ind2=" ">
      <subfield code="0">221010559170006421</subfield>
      <subfield code="a">23536307520006421</subfield>
      <subfield code="3">vol. 77, no. 1-6 (July-Sept. 1999)</subfield>
      <subfield code="j">1</subfield>
      <subfield code="z">pa</subfield>
      <subfield code="d">2000-11-26 19:00:00 US/Eastern</subfield>
      <subfield code="p">32101105917635</subfield>
      <subfield code="t">1</subfield>
      <subfield code="y">recap</subfield>
    </datafield>
    <datafield tag="876" ind1=" " ind2=" ">
      <subfield code="0">221010559170006421</subfield>
      <subfield code="a">23536307560006421</subfield>
      <subfield code="3">vol.75, no.1-6 (July-Sept. 1998)</subfield>
      <subfield code="j">1</subfield>
      <subfield code="z">pa</subfield>
      <subfield code="d">2000-06-12 20:00:00 US/Eastern</subfield>
      <subfield code="p">32101105917593</subfield>
      <subfield code="t">1</subfield>
      <subfield code="y">recap</subfield>
    </datafield>
    <datafield tag="876" ind1=" " ind2=" ">
      <subfield code="0">22536308040006421</subfield>
      <subfield code="a">23536306700006421</subfield>
      <subfield code="3">vol. 115, no. 5-6 Sept 2018</subfield>
      <subfield code="j">1</subfield>
      <subfield code="z">stacks</subfield>
      <subfield code="d">2019-09-25 20:00:00 US/Eastern</subfield>
      <subfield code="p">32101101565362</subfield>
      <subfield code="t">1</subfield>
      <subfield code="y">annex</subfield>
    </datafield>
    <datafield tag="876" ind1=" " ind2=" ">
      <subfield code="0">22536308040006421</subfield>
      <subfield code="a">23536306720006421</subfield>
      <subfield code="3">vol.111,no.7-11 (inc.) Oct-Dec. 10, 2016</subfield>
      <subfield code="j">1</subfield>
      <subfield code="z">stacks</subfield>
      <subfield code="d">2017-10-04 20:00:00 US/Eastern</subfield>
      <subfield code="p">32101103681290</subfield>
      <subfield code="t">1</subfield>
      <subfield code="y">annex</subfield>
    </datafield>
    <datafield tag="876" ind1=" " ind2=" ">
      <subfield code="0">221010559170006421</subfield>
      <subfield code="a">231031410650006421</subfield>
      <subfield code="3">vol.48 (1979)</subfield>
      <subfield code="j">1</subfield>
      <subfield code="z">pa</subfield>
      <subfield code="d">2024-10-22 11:28:12 US/Eastern</subfield>
      <subfield code="p">32101105916975</subfield>
      <subfield code="y">recap</subfield>
    </datafield>
    <datafield tag="876" ind1=" " ind2=" ">
      <subfield code="0">22536308040006421</subfield>
      <subfield code="a">23536306380006421</subfield>
      <subfield code="3">vol. 101, no. 1-2 July 2011</subfield>
      <subfield code="j">1</subfield>
      <subfield code="z">stacks</subfield>
      <subfield code="d">2012-04-22 20:00:00 US/Eastern</subfield>
      <subfield code="p">32101086287818</subfield>
      <subfield code="t">1</subfield>
      <subfield code="y">annex</subfield>
    </datafield>
    <datafield tag="876" ind1=" " ind2=" ">
      <subfield code="0">221010559170006421</subfield>
      <subfield code="a">231015069420006421</subfield>
      <subfield code="3">vol. 119, no. 7-12 (2020 )</subfield>
      <subfield code="j">1</subfield>
      <subfield code="z">pa</subfield>
      <subfield code="d">2024-03-25 12:15:41 US/Eastern</subfield>
      <subfield code="p">32101095630321</subfield>
      <subfield code="y">recap</subfield>
    </datafield>
    <datafield tag="876" ind1=" " ind2=" ">
      <subfield code="0">221010559170006421</subfield>
      <subfield code="a">23536306630006421</subfield>
      <subfield code="3">vol. 96, no. 7-12 (Apr.-June 2009)</subfield>
      <subfield code="j">0</subfield>
      <subfield code="x">TRANSIT</subfield>
      <subfield code="z">pa</subfield>
      <subfield code="d">2009-10-28 20:00:00 US/Eastern</subfield>
      <subfield code="p">32101076993334</subfield>
      <subfield code="t">1</subfield>
      <subfield code="y">recap</subfield>
    </datafield>
    <datafield tag="876" ind1=" " ind2=" ">
      <subfield code="0">221010559170006421</subfield>
      <subfield code="a">231031600490006421</subfield>
      <subfield code="3">vol.60, no.1-12 (Jan. - June 1991)</subfield>
      <subfield code="j">1</subfield>
      <subfield code="z">pa</subfield>
      <subfield code="d">2024-10-25 15:10:14 US/Eastern</subfield>
      <subfield code="p">32101105917254</subfield>
      <subfield code="y">recap</subfield>
    </datafield>
    <datafield tag="876" ind1=" " ind2=" ">
      <subfield code="0">221010559170006421</subfield>
      <subfield code="a">23536306650006421</subfield>
      <subfield code="3">vol. 82, no. 1-6 (Jan.-Mar. 2002)</subfield>
      <subfield code="j">0</subfield>
      <subfield code="x">TRANSIT</subfield>
      <subfield code="z">pa</subfield>
      <subfield code="d">2002-10-10 20:00:00 US/Eastern</subfield>
      <subfield code="p">32101045061759</subfield>
      <subfield code="t">1</subfield>
      <subfield code="y">recap</subfield>
    </datafield>
    <datafield tag="876" ind1=" " ind2=" ">
      <subfield code="0">221010559170006421</subfield>
      <subfield code="a">231010919490006421</subfield>
      <subfield code="3">vol. 124, no. 7-12 (2023)</subfield>
      <subfield code="j">1</subfield>
      <subfield code="z">pa</subfield>
      <subfield code="d">2024-02-22 10:54:59 US/Eastern</subfield>
      <subfield code="p">32101114675497</subfield>
      <subfield code="y">recap</subfield>
    </datafield>
    <datafield tag="876" ind1=" " ind2=" ">
      <subfield code="0">221010559170006421</subfield>
      <subfield code="a">231006224400006421</subfield>
      <subfield code="3">vol. 123, no. 7-12 (2022)</subfield>
      <subfield code="j">1</subfield>
      <subfield code="z">pa</subfield>
      <subfield code="d">2024-01-24 09:55:02 US/Eastern</subfield>
      <subfield code="p">32101095630412</subfield>
      <subfield code="y">recap</subfield>
    </datafield>
    <datafield tag="876" ind1=" " ind2=" ">
      <subfield code="0">221010559170006421</subfield>
      <subfield code="a">231015069510006421</subfield>
      <subfield code="3">vol. 121, no. 7-12 (2021)</subfield>
      <subfield code="j">1</subfield>
      <subfield code="z">pa</subfield>
      <subfield code="d">2024-03-25 12:02:32 US/Eastern</subfield>
      <subfield code="p">32101095630305</subfield>
      <subfield code="y">recap</subfield>
    </datafield>
    <datafield tag="876" ind1=" " ind2=" ">
      <subfield code="0">22536308040006421</subfield>
      <subfield code="a">23966406470006421</subfield>
      <subfield code="3">vol. 116, no. 7-12 (2019)</subfield>
      <subfield code="j">1</subfield>
      <subfield code="z">stacks</subfield>
      <subfield code="d">2023-03-21 14:45:07 US/Eastern</subfield>
      <subfield code="p">32101108949718</subfield>
      <subfield code="y">annex</subfield>
    </datafield>
    <datafield tag="876" ind1=" " ind2=" ">
      <subfield code="0">221010559170006421</subfield>
      <subfield code="a">231006224420006421</subfield>
      <subfield code="3">vol. 121, no. 1-6 (2021)</subfield>
      <subfield code="j">1</subfield>
      <subfield code="z">pa</subfield>
      <subfield code="d">2024-01-24 09:54:28 US/Eastern</subfield>
      <subfield code="p">32101095630313</subfield>
      <subfield code="y">recap</subfield>
    </datafield>
    <datafield tag="876" ind1=" " ind2=" ">
      <subfield code="0">22536308040006421</subfield>
      <subfield code="a">23536306340006421</subfield>
      <subfield code="3">vol. 101, no. 8-12 Oct.-Dec. 2011</subfield>
      <subfield code="j">1</subfield>
      <subfield code="z">stacks</subfield>
      <subfield code="d">2012-04-22 20:00:00 US/Eastern</subfield>
      <subfield code="p">32101086287743</subfield>
      <subfield code="t">1</subfield>
      <subfield code="y">annex</subfield>
    </datafield>
    <datafield tag="876" ind1=" " ind2=" ">
      <subfield code="0">221010559170006421</subfield>
      <subfield code="a">231031410520006421</subfield>
      <subfield code="3">vol.51, no.1-12 (Jan. - June 1982)</subfield>
      <subfield code="j">1</subfield>
      <subfield code="z">pa</subfield>
      <subfield code="d">2024-10-22 11:34:56 US/Eastern</subfield>
      <subfield code="p">32101105917015</subfield>
      <subfield code="y">recap</subfield>
    </datafield>
    <datafield tag="876" ind1=" " ind2=" ">
      <subfield code="0">221010559170006421</subfield>
      <subfield code="a">23536307100006421</subfield>
      <subfield code="3">vol. 95, no. 7-12 (Oct.-Dec. 2008)</subfield>
      <subfield code="j">0</subfield>
      <subfield code="x">TRANSIT</subfield>
      <subfield code="z">pa</subfield>
      <subfield code="d">2009-04-15 20:00:00 US/Eastern</subfield>
      <subfield code="p">32101072273418</subfield>
      <subfield code="t">1</subfield>
      <subfield code="y">recap</subfield>
    </datafield>
    <datafield tag="876" ind1=" " ind2=" ">
      <subfield code="0">221010559170006421</subfield>
      <subfield code="a">231031428530006421</subfield>
      <subfield code="3">vol.52, no.1-12 (Jan. - June 1983)</subfield>
      <subfield code="j">1</subfield>
      <subfield code="z">pa</subfield>
      <subfield code="d">2024-10-23 12:22:58 US/Eastern</subfield>
      <subfield code="p">32101105917049</subfield>
      <subfield code="y">recap</subfield>
    </datafield>
    <datafield tag="876" ind1=" " ind2=" ">
      <subfield code="0">22536308040006421</subfield>
      <subfield code="a">23536306970006421</subfield>
      <subfield code="3">vol. 102, no. 10-12 May 25-June 2012</subfield>
      <subfield code="j">1</subfield>
      <subfield code="z">stacks</subfield>
      <subfield code="d">2012-11-28 19:00:00 US/Eastern</subfield>
      <subfield code="p">32101080897380</subfield>
      <subfield code="t">1</subfield>
      <subfield code="y">annex</subfield>
    </datafield>
    <datafield tag="876" ind1=" " ind2=" ">
      <subfield code="0">22536308040006421</subfield>
      <subfield code="a">23536306980006421</subfield>
      <subfield code="3">vol. 102, no. 5-8 Mar.-Apr. 2012</subfield>
      <subfield code="j">1</subfield>
      <subfield code="z">stacks</subfield>
      <subfield code="d">2012-11-25 19:00:00 US/Eastern</subfield>
      <subfield code="p">32101085991675</subfield>
      <subfield code="t">1</subfield>
      <subfield code="y">annex</subfield>
    </datafield>
    <datafield tag="876" ind1=" " ind2=" ">
      <subfield code="0">221010559170006421</subfield>
      <subfield code="a">231031428520006421</subfield>
      <subfield code="3">vol.52, no,13-24 (July - Dec. 1983)</subfield>
      <subfield code="j">1</subfield>
      <subfield code="z">pa</subfield>
      <subfield code="d">2024-10-23 12:24:11 US/Eastern</subfield>
      <subfield code="p">32101105917056</subfield>
      <subfield code="y">recap</subfield>
    </datafield>
    <datafield tag="876" ind1=" " ind2=" ">
      <subfield code="0">221010559170006421</subfield>
      <subfield code="a">23536307110006421</subfield>
      <subfield code="3">vol. 95, no. 1-6 (July-Sept. 2008)</subfield>
      <subfield code="j">0</subfield>
      <subfield code="x">TRANSIT</subfield>
      <subfield code="z">pa</subfield>
      <subfield code="d">2009-02-03 19:00:00 US/Eastern</subfield>
      <subfield code="p">32101069130795</subfield>
      <subfield code="t">1</subfield>
      <subfield code="y">recap</subfield>
    </datafield>
    <datafield tag="876" ind1=" " ind2=" ">
      <subfield code="0">221010559170006421</subfield>
      <subfield code="a">231006772770006421</subfield>
      <subfield code="3">vol. 125 no. 1-5 </subfield>
      <subfield code="j">1</subfield>
      <subfield code="z">pa</subfield>
      <subfield code="d">2024-02-01 14:30:01 US/Eastern</subfield>
      <subfield code="y">recap</subfield>
    </datafield>
    <datafield tag="876" ind1=" " ind2=" ">
      <subfield code="0">221010559170006421</subfield>
      <subfield code="a">231015025290006421</subfield>
      <subfield code="3">vol. 123, no. 1-6 (2022)</subfield>
      <subfield code="j">1</subfield>
      <subfield code="z">pa</subfield>
      <subfield code="d">2024-03-25 13:55:43 US/Eastern</subfield>
      <subfield code="p">32101095630404</subfield>
      <subfield code="y">recap</subfield>
    </datafield>
    <datafield tag="876" ind1=" " ind2=" ">
      <subfield code="0">22536308040006421</subfield>
      <subfield code="a">23536306750006421</subfield>
      <subfield code="3">vol.110, no.5-8 Mar-Apr .2016</subfield>
      <subfield code="j">1</subfield>
      <subfield code="z">stacks</subfield>
      <subfield code="d">2016-12-19 19:00:00 US/Eastern</subfield>
      <subfield code="p">32101100271871</subfield>
      <subfield code="t">1</subfield>
      <subfield code="y">annex</subfield>
    </datafield>
    <datafield tag="876" ind1=" " ind2=" ">
      <subfield code="0">221010559170006421</subfield>
      <subfield code="a">23536307510006421</subfield>
      <subfield code="3">vol. 77, no. 7-12 (Oct.-Dec. 1999)</subfield>
      <subfield code="j">1</subfield>
      <subfield code="z">pa</subfield>
      <subfield code="d">2000-11-26 19:00:00 US/Eastern</subfield>
      <subfield code="p">32101105917643</subfield>
      <subfield code="t">1</subfield>
      <subfield code="y">recap</subfield>
    </datafield>
    <datafield tag="876" ind1=" " ind2=" ">
      <subfield code="0">221010559170006421</subfield>
      <subfield code="a">231031372770006421</subfield>
      <subfield code="3">vol.56, no.13-24 (July - Dec. 1987)</subfield>
      <subfield code="j">1</subfield>
      <subfield code="z">pa</subfield>
      <subfield code="d">2024-10-24 14:16:21 US/Eastern</subfield>
      <subfield code="p">32101105917130</subfield>
      <subfield code="y">recap</subfield>
    </datafield>
    <datafield tag="876" ind1=" " ind2=" ">
      <subfield code="0">221010559170006421</subfield>
      <subfield code="a">231031372780006421</subfield>
      <subfield code="3">vol.56, no.1-12 (Jan. - June 1987)</subfield>
      <subfield code="j">1</subfield>
      <subfield code="z">pa</subfield>
      <subfield code="d">2024-10-24 14:15:09 US/Eastern</subfield>
      <subfield code="p">32101105917122</subfield>
      <subfield code="y">recap</subfield>
    </datafield>
    <datafield tag="876" ind1=" " ind2=" ">
      <subfield code="0">22536308040006421</subfield>
      <subfield code="a">23536306900006421</subfield>
      <subfield code="3">vol. 105, no.1-4 July-August 2013</subfield>
      <subfield code="j">1</subfield>
      <subfield code="z">stacks</subfield>
      <subfield code="d">2013-12-12 19:00:00 US/Eastern</subfield>
      <subfield code="p">32101083573731</subfield>
      <subfield code="t">1</subfield>
      <subfield code="y">annex</subfield>
    </datafield>
    <datafield tag="876" ind1=" " ind2=" ">
      <subfield code="0">221010559170006421</subfield>
      <subfield code="a">23536307500006421</subfield>
      <subfield code="3">vol. 78, no. 1-6 (Jan.-Mar. 2000)</subfield>
      <subfield code="j">1</subfield>
      <subfield code="z">pa</subfield>
      <subfield code="d">2000-11-26 19:00:00 US/Eastern</subfield>
      <subfield code="p">32101105917676</subfield>
      <subfield code="t">1</subfield>
      <subfield code="y">recap</subfield>
    </datafield>
    <datafield tag="876" ind1=" " ind2=" ">
      <subfield code="0">221010559170006421</subfield>
      <subfield code="a">23536307330006421</subfield>
      <subfield code="3">vol. 86, no. 7-12 (Apr.-June 2004)</subfield>
      <subfield code="j">0</subfield>
      <subfield code="x">TRANSIT</subfield>
      <subfield code="z">pa</subfield>
      <subfield code="d">2005-04-04 20:00:00 US/Eastern</subfield>
      <subfield code="p">32101055530727</subfield>
      <subfield code="t">1</subfield>
      <subfield code="y">recap</subfield>
    </datafield>
    <datafield tag="876" ind1=" " ind2=" ">
      <subfield code="0">221010559170006421</subfield>
      <subfield code="a">23536307140006421</subfield>
      <subfield code="3">vol. 93, no. 7-12 (Oct.-Dec. 2007)</subfield>
      <subfield code="j">0</subfield>
      <subfield code="x">TRANSIT</subfield>
      <subfield code="z">pa</subfield>
      <subfield code="d">2008-04-15 20:00:00 US/Eastern</subfield>
      <subfield code="p">32101065969360</subfield>
      <subfield code="t">1</subfield>
      <subfield code="y">recap</subfield>
    </datafield>
    <datafield tag="876" ind1=" " ind2=" ">
      <subfield code="0">22536308040006421</subfield>
      <subfield code="a">23536306930006421</subfield>
      <subfield code="3">vol. 104, no. 1-4 Jan-Feb 2013</subfield>
      <subfield code="j">1</subfield>
      <subfield code="z">stacks</subfield>
      <subfield code="d">2013-12-12 19:00:00 US/Eastern</subfield>
      <subfield code="p">32101083573848</subfield>
      <subfield code="t">1</subfield>
      <subfield code="y">annex</subfield>
    </datafield>
    <datafield tag="876" ind1=" " ind2=" ">
      <subfield code="0">22536308040006421</subfield>
      <subfield code="a">23536306940006421</subfield>
      <subfield code="3">vol. 101, no. 7 Oct. 2011</subfield>
      <subfield code="j">1</subfield>
      <subfield code="z">stacks</subfield>
      <subfield code="d">2013-05-21 20:00:00 US/Eastern</subfield>
      <subfield code="p">32101087381404</subfield>
      <subfield code="t">1</subfield>
      <subfield code="y">annex</subfield>
    </datafield>
    <datafield tag="876" ind1=" " ind2=" ">
      <subfield code="0">221010559170006421</subfield>
      <subfield code="a">23536307370006421</subfield>
      <subfield code="3">vol. 84, no. 7-12 (Apr.-June 2003)</subfield>
      <subfield code="j">0</subfield>
      <subfield code="x">TRANSIT</subfield>
      <subfield code="z">pa</subfield>
      <subfield code="d">2004-04-15 20:00:00 US/Eastern</subfield>
      <subfield code="p">32101051314431</subfield>
      <subfield code="t">1</subfield>
      <subfield code="y">recap</subfield>
    </datafield>
    <datafield tag="876" ind1=" " ind2=" ">
      <subfield code="0">221010559170006421</subfield>
      <subfield code="a">23536307360006421</subfield>
      <subfield code="3">vol. 85, no. 1-6 (July-Sept. 2003)</subfield>
      <subfield code="j">0</subfield>
      <subfield code="x">TRANSIT</subfield>
      <subfield code="z">pa</subfield>
      <subfield code="d">2004-04-15 20:00:00 US/Eastern</subfield>
      <subfield code="p">32101051314423</subfield>
      <subfield code="t">1</subfield>
      <subfield code="y">recap</subfield>
    </datafield>
    <datafield tag="876" ind1=" " ind2=" ">
      <subfield code="0">221010559170006421</subfield>
      <subfield code="a">231031740500006421</subfield>
      <subfield code="3">vol.66, no.1-6 (Jan - Mar. 1994)</subfield>
      <subfield code="j">1</subfield>
      <subfield code="z">pa</subfield>
      <subfield code="d">2024-10-31 11:47:13 US/Eastern</subfield>
      <subfield code="p">32101105917361</subfield>
      <subfield code="y">recap</subfield>
    </datafield>
    <datafield tag="876" ind1=" " ind2=" ">
      <subfield code="0">221010559170006421</subfield>
      <subfield code="a">23536307660006421</subfield>
      <subfield code="3">vol.70,no.1-6 (Jan.-Mar.1996)</subfield>
      <subfield code="j">1</subfield>
      <subfield code="z">pa</subfield>
      <subfield code="d">2000-06-12 20:00:00 US/Eastern</subfield>
      <subfield code="p">32101105917494</subfield>
      <subfield code="t">1</subfield>
      <subfield code="y">recap</subfield>
    </datafield>
    <datafield tag="876" ind1=" " ind2=" ">
      <subfield code="0">221010559170006421</subfield>
      <subfield code="a">23536307480006421</subfield>
      <subfield code="3">vol. 79, no. 1-6 (July-Sept. 2000)</subfield>
      <subfield code="j">0</subfield>
      <subfield code="x">TRANSIT</subfield>
      <subfield code="z">pa</subfield>
      <subfield code="d">2001-04-05 20:00:00 US/Eastern</subfield>
      <subfield code="p">32101105917692</subfield>
      <subfield code="t">1</subfield>
      <subfield code="y">recap</subfield>
    </datafield>
    <datafield tag="876" ind1=" " ind2=" ">
      <subfield code="0">221010559170006421</subfield>
      <subfield code="a">23536307770006421</subfield>
      <subfield code="3">vol.64,no.1-6 (Jan.-Mar.1993)</subfield>
      <subfield code="j">1</subfield>
      <subfield code="z">pa</subfield>
      <subfield code="d">2000-06-12 20:00:00 US/Eastern</subfield>
      <subfield code="p">32101105917320</subfield>
      <subfield code="t">1</subfield>
      <subfield code="y">recap</subfield>
    </datafield>
    <datafield tag="876" ind1=" " ind2=" ">
      <subfield code="0">221010559170006421</subfield>
      <subfield code="a">231031427730006421</subfield>
      <subfield code="3">vol.54, no, 13-24 (July - Dec. 1985)</subfield>
      <subfield code="j">1</subfield>
      <subfield code="z">pa</subfield>
      <subfield code="d">2024-10-23 14:43:35 US/Eastern</subfield>
      <subfield code="p">32101105917098</subfield>
      <subfield code="y">recap</subfield>
    </datafield>
    <datafield tag="876" ind1=" " ind2=" ">
      <subfield code="0">22536308040006421</subfield>
      <subfield code="a">23536306600006421</subfield>
      <subfield code="3">vol. 103, no. 7-8 Oct. 2012</subfield>
      <subfield code="j">1</subfield>
      <subfield code="z">stacks</subfield>
      <subfield code="d">2013-05-05 20:00:00 US/Eastern</subfield>
      <subfield code="p">32101054346216</subfield>
      <subfield code="t">1</subfield>
      <subfield code="y">annex</subfield>
    </datafield>
    <datafield tag="876" ind1=" " ind2=" ">
      <subfield code="0">221010559170006421</subfield>
      <subfield code="a">23536307550006421</subfield>
      <subfield code="3">vol.75, no.7-12 (Oct.-Dec. 1998)</subfield>
      <subfield code="j">1</subfield>
      <subfield code="z">pa</subfield>
      <subfield code="d">2000-06-12 20:00:00 US/Eastern</subfield>
      <subfield code="p">32101105917601</subfield>
      <subfield code="t">1</subfield>
      <subfield code="y">recap</subfield>
    </datafield>
    <datafield tag="876" ind1=" " ind2=" ">
      <subfield code="0">221010559170006421</subfield>
      <subfield code="a">23536307620006421</subfield>
      <subfield code="3">vol.72, no.1-6 (Jan.-Mar.1997)</subfield>
      <subfield code="j">1</subfield>
      <subfield code="z">pa</subfield>
      <subfield code="d">2000-06-12 20:00:00 US/Eastern</subfield>
      <subfield code="p">32101105917536</subfield>
      <subfield code="t">1</subfield>
      <subfield code="y">recap</subfield>
    </datafield>
    <datafield tag="876" ind1=" " ind2=" ">
      <subfield code="0">221010559170006421</subfield>
      <subfield code="a">23536307590006421</subfield>
      <subfield code="3">vol.73, no.7-12 (Oct.-Dec.1997)</subfield>
      <subfield code="j">1</subfield>
      <subfield code="z">pa</subfield>
      <subfield code="d">2000-06-12 20:00:00 US/Eastern</subfield>
      <subfield code="p">32101105917569</subfield>
      <subfield code="t">1</subfield>
      <subfield code="y">recap</subfield>
    </datafield>
    <datafield tag="876" ind1=" " ind2=" ">
      <subfield code="0">22536308040006421</subfield>
      <subfield code="a">23536306710006421</subfield>
      <subfield code="3">vol. 115, no. 1-4 July-Aug 2018</subfield>
      <subfield code="j">1</subfield>
      <subfield code="z">stacks</subfield>
      <subfield code="d">2019-09-25 20:00:00 US/Eastern</subfield>
      <subfield code="p">32101101565271</subfield>
      <subfield code="t">1</subfield>
      <subfield code="y">annex</subfield>
    </datafield>
    <datafield tag="876" ind1=" " ind2=" ">
      <subfield code="0">22536308040006421</subfield>
      <subfield code="a">23536306390006421</subfield>
      <subfield code="3">vol. 114, no. 5-8 (inc) Mar-Apr. 2018</subfield>
      <subfield code="j">1</subfield>
      <subfield code="z">stacks</subfield>
      <subfield code="d">2019-07-17 20:00:00 US/Eastern</subfield>
      <subfield code="p">32101107996280</subfield>
      <subfield code="t">1</subfield>
      <subfield code="y">annex</subfield>
    </datafield>
    <datafield tag="876" ind1=" " ind2=" ">
      <subfield code="0">221010559170006421</subfield>
      <subfield code="a">23536306640006421</subfield>
      <subfield code="3">vol. 82, no. 7-12 (Apr.-June 2002)</subfield>
      <subfield code="j">0</subfield>
      <subfield code="x">TRANSIT</subfield>
      <subfield code="z">pa</subfield>
      <subfield code="d">2002-10-10 20:00:00 US/Eastern</subfield>
      <subfield code="p">32101045061809</subfield>
      <subfield code="t">1</subfield>
      <subfield code="y">recap</subfield>
    </datafield>
    <datafield tag="876" ind1=" " ind2=" ">
      <subfield code="0">221010559170006421</subfield>
      <subfield code="a">231031372040006421</subfield>
      <subfield code="3">vol.58, no.17-24 (Sept. - Dec. 1989)</subfield>
      <subfield code="j">1</subfield>
      <subfield code="z">pa</subfield>
      <subfield code="d">2024-10-24 15:41:28 US/Eastern</subfield>
      <subfield code="p">32101105917197</subfield>
      <subfield code="y">recap</subfield>
    </datafield>
    <datafield tag="876" ind1=" " ind2=" ">
      <subfield code="0">22536308040006421</subfield>
      <subfield code="a">23536306570006421</subfield>
      <subfield code="3">vol.102, no.9 May 2012</subfield>
      <subfield code="j">1</subfield>
      <subfield code="z">stacks</subfield>
      <subfield code="d">2015-04-20 20:00:00 US/Eastern</subfield>
      <subfield code="p">32101085809711</subfield>
      <subfield code="t">1</subfield>
      <subfield code="y">annex</subfield>
    </datafield>
    <datafield tag="876" ind1=" " ind2=" ">
      <subfield code="0">221010559170006421</subfield>
      <subfield code="a">231006224410006421</subfield>
      <subfield code="3">vol. 122, no. 7-12 (2022)</subfield>
      <subfield code="j">1</subfield>
      <subfield code="z">pa</subfield>
      <subfield code="d">2024-01-24 09:54:47 US/Eastern</subfield>
      <subfield code="p">32101095630396</subfield>
      <subfield code="y">recap</subfield>
    </datafield>
    <datafield tag="876" ind1=" " ind2=" ">
      <subfield code="0">221010559170006421</subfield>
      <subfield code="a">231031600550006421</subfield>
      <subfield code="3">vol.59, no. 1-8 (Jan. - Apr. 1990)</subfield>
      <subfield code="j">1</subfield>
      <subfield code="z">pa</subfield>
      <subfield code="d">2024-10-25 15:04:29 US/Eastern</subfield>
      <subfield code="p">32101105917221</subfield>
      <subfield code="y">recap</subfield>
    </datafield>
    <datafield tag="876" ind1=" " ind2=" ">
      <subfield code="0">22536308040006421</subfield>
      <subfield code="a">23536306530006421</subfield>
      <subfield code="3">vol.111, no. 12 Dec.  25, 2016</subfield>
      <subfield code="j">1</subfield>
      <subfield code="z">stacks</subfield>
      <subfield code="d">2018-01-15 19:00:00 US/Eastern</subfield>
      <subfield code="p">32101101316501</subfield>
      <subfield code="t">1</subfield>
      <subfield code="y">annex</subfield>
    </datafield>
    <datafield tag="876" ind1=" " ind2=" ">
      <subfield code="0">221010559170006421</subfield>
      <subfield code="a">231031410530006421</subfield>
      <subfield code="3">vol.50, no.13-24 (July - Dec. 1981)</subfield>
      <subfield code="j">1</subfield>
      <subfield code="z">pa</subfield>
      <subfield code="d">2024-10-22 11:34:24 US/Eastern</subfield>
      <subfield code="p">32101105917007</subfield>
      <subfield code="y">recap</subfield>
    </datafield>
    <datafield tag="876" ind1=" " ind2=" ">
      <subfield code="0">221010559170006421</subfield>
      <subfield code="a">231031410640006421</subfield>
      <subfield code="3">vol.49 (1980)</subfield>
      <subfield code="j">1</subfield>
      <subfield code="z">pa</subfield>
      <subfield code="d">2024-10-22 11:29:24 US/Eastern</subfield>
      <subfield code="p">32101105916983</subfield>
      <subfield code="y">recap</subfield>
    </datafield>
    <datafield tag="876" ind1=" " ind2=" ">
      <subfield code="0">22536308040006421</subfield>
      <subfield code="a">23536306420006421</subfield>
      <subfield code="3">vol. 103, no. 10-12 Nov. 25-Dec. 2012</subfield>
      <subfield code="j">1</subfield>
      <subfield code="z">stacks</subfield>
      <subfield code="d">2013-05-15 20:00:00 US/Eastern</subfield>
      <subfield code="p">32101080899089</subfield>
      <subfield code="t">1</subfield>
      <subfield code="y">annex</subfield>
    </datafield>
  </record>