
  <record>
    <leader>01536cas a22004451a 4500</leader>
    <controlfield tag="005">20230125191533.0</controlfield>
    <controlfield tag="008">890801c19669999dcuer p       0   a0eng d</controlfield>
    <controlfield tag="001">995645483506421</controlfield>
    <datafield tag="010" ind1=" " ind2=" ">
      <subfield code="a">   82644287  </subfield>
      <subfield code="z">sc 76000923 </subfield>
    </datafield>
    <datafield tag="022" ind1=" " ind2=" ">
      <subfield code="a">0036-8423</subfield>
    </datafield>
    <datafield tag="030" ind1=" " ind2=" ">
      <subfield code="a">SCNEBK</subfield>
    </datafield>
    <datafield tag="032" ind1=" " ind2=" ">
      <subfield code="a">484680</subfield>
      <subfield code="b">USPS</subfield>
    </datafield>
    <datafield tag="035" ind1=" " ind2=" ">
      <subfield code="a">(CStRLIN)NJPG89-S5468</subfield>
    </datafield>
    <datafield tag="035" ind1=" " ind2=" ">
      <subfield code="9">ACQ0500TS</subfield>
    </datafield>
    <datafield tag="035" ind1=" " ind2=" ">
      <subfield code="a">(NjP)564548-princetondb</subfield>
    </datafield>
    <datafield tag="035" ind1=" " ind2=" ">
      <subfield code="a">(OCoLC)ocm02367617</subfield>
    </datafield>
    <datafield tag="035" ind1=" " ind2=" ">
      <subfield code="z">(NjP)Voyager564548</subfield>
    </datafield>
    <datafield tag="040" ind1=" " ind2=" ">
      <subfield code="a">DI</subfield>
      <subfield code="b">eng</subfield>
      <subfield code="c">DI</subfield>
      <subfield code="d">NSDP</subfield>
      <subfield code="d">DLC</subfield>
      <subfield code="d">NjP</subfield>
    </datafield>
    <datafield tag="042" ind1=" " ind2=" ">
      <subfield code="a">nsdp</subfield>
      <subfield code="a">lc</subfield>
    </datafield>
    <datafield tag="050" ind1="0" ind2="0">
      <subfield code="a">Q1</subfield>
      <subfield code="b">.S76</subfield>
    </datafield>
    <datafield tag="060" ind1=" " ind2="0">
      <subfield code="a">W1 SC75</subfield>
    </datafield>
    <datafield tag="130" ind1="0" ind2=" ">
      <subfield code="a">Science news (Washington, D.C.)</subfield>
    </datafield>
    <datafield tag="222" ind1=" " ind2="0">
      <subfield code="a">Science news</subfield>
      <subfield code="b">(Washington)</subfield>
    </datafield>
    <datafield tag="245" ind1="0" ind2="0">
      <subfield code="a">Science news.</subfield>
    </datafield>
    <datafield tag="260" ind1=" " ind2=" ">
      <subfield code="a">[Washington, D.C. :</subfield>
      <subfield code="b">Science Service,</subfield>
      <subfield code="c">c1966-</subfield>
    </datafield>
    <datafield tag="300" ind1=" " ind2=" ">
      <subfield code="a">v. :</subfield>
      <subfield code="b">ill. ;</subfield>
      <subfield code="c">27 cm.</subfield>
    </datafield>
    <datafield tag="310" ind1=" " ind2=" ">
      <subfield code="a">Biweekly,</subfield>
      <subfield code="b">May, 2008-</subfield>
    </datafield>
    <datafield tag="321" ind1=" " ind2=" ">
      <subfield code="a">Weekly,</subfield>
      <subfield code="b">1966-Apr. 2008</subfield>
    </datafield>
    <datafield tag="362" ind1="0" ind2=" ">
      <subfield code="a">Vol. 89, no. 11 (Mar. 12, 1966)-</subfield>
    </datafield>
    <datafield tag="588" ind1=" " ind2=" ">
      <subfield code="a">Title from cover.</subfield>
    </datafield>
    <datafield tag="650" ind1=" " ind2="0">
      <subfield code="a">Science</subfield>
      <subfield code="v">Periodicals.</subfield>
      <subfield code="0">http://id.loc.gov/authorities/subjects/sh85118580</subfield>
    </datafield>
    <datafield tag="655" ind1=" " ind2="7">
      <subfield code="a">Periodicals.</subfield>
      <subfield code="2">lcgft</subfield>
      <subfield code="0">http://id.loc.gov/authorities/genreForms/gf2014026139</subfield>
    </datafield>
    <datafield tag="710" ind1="2" ind2=" ">
      <subfield code="a">Science Service.</subfield>
      <subfield code="0">http://id.loc.gov/authorities/names/n79138906</subfield>
    </datafield>
    <datafield tag="780" ind1="0" ind2="0">
      <subfield code="t">Science news letter</subfield>
      <subfield code="x">0096-4018</subfield>
    </datafield>
    <datafield tag="852" ind1="0" ind2=" ">
      <subfield code="b">f</subfield>
      <subfield code="h">Q1</subfield>
      <subfield code="i">.S354</subfield>
      <subfield code="p">616073</subfield>
      <subfield code="x">reclassed from: 8001.8492</subfield>
    </datafield>
    <datafield tag="911" ind1=" " ind2=" ">
      <subfield code="a">19940512</subfield>
    </datafield>
    <datafield tag="912" ind1=" " ind2=" ">
      <subfield code="a">19951215061433.0</subfield>
    </datafield>
    <datafield tag="914" ind1=" " ind2=" ">
      <subfield code="a">(OCoLC)ocm02367617</subfield>
      <subfield code="b">OCoLC</subfield>
      <subfield code="c">match</subfield>
      <subfield code="d">20230125</subfield>
      <subfield code="e">processed</subfield>
      <subfield code="f">2367617</subfield>
    </datafield>
    <datafield tag="948" ind1=" " ind2=" ">
      <subfield code="a">S-RECON</subfield>
    </datafield>
    <datafield tag="998" ind1=" " ind2=" ">
      <subfield code="a">05/04/94</subfield>
      <subfield code="s">9120</subfield>
      <subfield code="n">NjP</subfield>
      <subfield code="w">DCLC82644287S</subfield>
      <subfield code="d">08/01/89</subfield>
      <subfield code="c">DLJ</subfield>
      <subfield code="b">SZF</subfield>
      <subfield code="i">940504</subfield>
      <subfield code="l">NJPG</subfield>
    </datafield>
    <datafield tag="950" ind1=" " ind2=" ">
      <subfield code="c">2023-08-12 20:47:20 US/Eastern</subfield>
      <subfield code="b">2021-07-12 15:04:40 US/Eastern</subfield>
      <subfield code="a">false</subfield>
    </datafield>
    <datafield tag="951" ind1=" " ind2=" ">
      <subfield code="v">2021-08-03 14:45:03 US/Eastern</subfield>
      <subfield code="u">exl_api</subfield>
      <subfield code="t">2021-07-20 19:36:55 US/Eastern</subfield>
      <subfield code="x">https://na05.alma.exlibrisgroup.com/view/uresolver/01PRI_INST/openurl?u.ignore_date_coverage=true&amp;portfolio_pid=53887998440006421&amp;Force_direct=true</subfield>
      <subfield code="s">P2E_JOB</subfield>
      <subfield code="0">53887998440006421</subfield>
      <subfield code="f">false</subfield>
      <subfield code="q">1477173-princetondb</subfield>
      <subfield code="1">52887998450006421</subfield>
      <subfield code="c">d?u.ignore_date_coverage=true&amp;rft.mms_id=995645483506421</subfield>
      <subfield code="a">Not Available</subfield>
      <subfield code="e">JOURNAL</subfield>
      <subfield code="8">53887998440006421</subfield>
    </datafield>
    <datafield tag="852" ind1="0" ind2="1">
      <subfield code="b">firestone</subfield>
      <subfield code="c">stacks</subfield>
      <subfield code="h">Q1</subfield>
      <subfield code="i">.S354</subfield>
      <subfield code="8">22553395810006421</subfield>
    </datafield>
    <datafield tag="866" ind1=" " ind2="0">
      <subfield code="a">Vol. 89, no. 11 (Mar. 12, 1966)-v. 184, no. 13 (Dec. 28, 2013)</subfield>
      <subfield code="8">22553395810006421</subfield>
    </datafield>
    <datafield tag="866" ind1=" " ind2="0">
      <subfield code="z">LACKS: v. 106, no. 14; July 28, Aug. 25, Oct. 20, &amp; Nov. 30, 1979; Jan. 12 &amp; Feb. 9, 1980; v. 121, no. 1-2, 17; v. 129, no. 8; v. 133, no. 23; v. 135, no. 15; v. 137, no. 4; v. 140, no. 9, 22; v. 141, no. 14, 19; v. 145, no. 20; v. 147, no. 1; v. 153, no. 3; v. 156, no. 12; v. 157, no. 21; v. 161, no. 15; v. 164, no. 11; v. 165, no. 13, 26; v. 166, no. 22; v. 168, no. 23-26; v. 169, no. 7; v. 171, no. 13</subfield>
      <subfield code="8">22553395810006421</subfield>
    </datafield>
    <datafield tag="866" ind1=" " ind2="0">
      <subfield code="z">Electronic format available; print subscription cancelled with the last issue of 2013.</subfield>
      <subfield code="8">22553395810006421</subfield>
    </datafield>
    <datafield tag="952" ind1=" " ind2=" ">
      <subfield code="a">2021-07-12 19:04:40</subfield>
      <subfield code="8">22553395810006421</subfield>
      <subfield code="b">Firestone Library</subfield>
      <subfield code="c">stacks: Firestone Library</subfield>
      <subfield code="e">false</subfield>
    </datafield>
    <datafield tag="876" ind1=" " ind2=" ">
      <subfield code="0">22553395810006421</subfield>
      <subfield code="a">23553395650006421</subfield>
      <subfield code="3">vol. 164 (inc.) July-Dec. 2003</subfield>
      <subfield code="j">1</subfield>
      <subfield code="z">stacks</subfield>
      <subfield code="d">2004-03-04 19:00:00 US/Eastern</subfield>
      <subfield code="p">32101050557519</subfield>
      <subfield code="t">1</subfield>
      <subfield code="y">firestone</subfield>
    </datafield>
    <datafield tag="876" ind1=" " ind2=" ">
      <subfield code="0">22553395810006421</subfield>
      <subfield code="a">23553395480006421</subfield>
      <subfield code="3">vol.103 Jan-June 1973</subfield>
      <subfield code="j">1</subfield>
      <subfield code="z">stacks</subfield>
      <subfield code="d">2007-04-26 20:00:00 US/Eastern</subfield>
      <subfield code="p">32101013189244</subfield>
      <subfield code="t">1</subfield>
      <subfield code="y">firestone</subfield>
    </datafield>
    <datafield tag="876" ind1=" " ind2=" ">
      <subfield code="0">22553395810006421</subfield>
      <subfield code="a">23553395640006421</subfield>
      <subfield code="3">vol. 166 (inc) July-Dec. 2004</subfield>
      <subfield code="j">1</subfield>
      <subfield code="z">stacks</subfield>
      <subfield code="d">2005-11-13 19:00:00 US/Eastern</subfield>
      <subfield code="p">32101059119386</subfield>
      <subfield code="t">1</subfield>
      <subfield code="y">firestone</subfield>
    </datafield>
    <datafield tag="876" ind1=" " ind2=" ">
      <subfield code="0">22553395810006421</subfield>
      <subfield code="a">23553395660006421</subfield>
      <subfield code="3">vol. 163 Jan.-June 2003</subfield>
      <subfield code="j">1</subfield>
      <subfield code="z">stacks</subfield>
      <subfield code="d">2004-03-04 19:00:00 US/Eastern</subfield>
      <subfield code="p">32101050557238</subfield>
      <subfield code="t">1</subfield>
      <subfield code="y">firestone</subfield>
    </datafield>
    <datafield tag="876" ind1=" " ind2=" ">
      <subfield code="0">22553395810006421</subfield>
      <subfield code="a">23553395460006421</subfield>
      <subfield code="3">vol.92 July-Dec. 1967</subfield>
      <subfield code="j">1</subfield>
      <subfield code="z">stacks</subfield>
      <subfield code="d">2007-05-15 20:00:00 US/Eastern</subfield>
      <subfield code="p">32101037979844</subfield>
      <subfield code="t">1</subfield>
      <subfield code="y">firestone</subfield>
    </datafield>
    <datafield tag="876" ind1=" " ind2=" ">
      <subfield code="0">22553395810006421</subfield>
      <subfield code="a">23553395450006421</subfield>
      <subfield code="3">vol.90 July-Dec. 1966</subfield>
      <subfield code="j">1</subfield>
      <subfield code="z">stacks</subfield>
      <subfield code="d">2007-05-15 20:00:00 US/Eastern</subfield>
      <subfield code="p">32101003387113</subfield>
      <subfield code="t">1</subfield>
      <subfield code="y">firestone</subfield>
    </datafield>
    <datafield tag="876" ind1=" " ind2=" ">
      <subfield code="0">22553395810006421</subfield>
      <subfield code="a">23553395470006421</subfield>
      <subfield code="3">vol.94 July-Dec. 1968</subfield>
      <subfield code="j">1</subfield>
      <subfield code="z">stacks</subfield>
      <subfield code="d">2007-04-26 20:00:00 US/Eastern</subfield>
      <subfield code="p">32101013188774</subfield>
      <subfield code="t">1</subfield>
      <subfield code="y">firestone</subfield>
    </datafield>
    <datafield tag="876" ind1=" " ind2=" ">
      <subfield code="0">22553395810006421</subfield>
      <subfield code="a">23553395490006421</subfield>
      <subfield code="3">vol.104 July-Dec. 1973</subfield>
      <subfield code="j">1</subfield>
      <subfield code="z">stacks</subfield>
      <subfield code="d">2007-04-26 20:00:00 US/Eastern</subfield>
      <subfield code="p">32101037979620</subfield>
      <subfield code="t">1</subfield>
      <subfield code="y">firestone</subfield>
    </datafield>
    <datafield tag="876" ind1=" " ind2=" ">
      <subfield code="0">22553395810006421</subfield>
      <subfield code="a">23553395280006421</subfield>
      <subfield code="3">vol.96 July-Dec.1969</subfield>
      <subfield code="j">1</subfield>
      <subfield code="z">stacks</subfield>
      <subfield code="d">2017-05-23 20:00:00 US/Eastern</subfield>
      <subfield code="p">32101017576594</subfield>
      <subfield code="t">1</subfield>
      <subfield code="y">firestone</subfield>
    </datafield>
    <datafield tag="876" ind1=" " ind2=" ">
      <subfield code="0">22553395810006421</subfield>
      <subfield code="a">23553395270006421</subfield>
      <subfield code="3">vol.97 Jan.-June 1970</subfield>
      <subfield code="j">1</subfield>
      <subfield code="z">stacks</subfield>
      <subfield code="d">2017-05-23 20:00:00 US/Eastern</subfield>
      <subfield code="p">32101095472815</subfield>
      <subfield code="t">1</subfield>
      <subfield code="y">firestone</subfield>
    </datafield>
    <datafield tag="876" ind1=" " ind2=" ">
      <subfield code="0">22553395810006421</subfield>
      <subfield code="a">23553395800006421</subfield>
      <subfield code="3">vol.145-146 1994</subfield>
      <subfield code="j">1</subfield>
      <subfield code="z">stacks</subfield>
      <subfield code="d">2000-06-12 20:00:00 US/Eastern</subfield>
      <subfield code="p">32101029215751</subfield>
      <subfield code="t">1</subfield>
      <subfield code="y">firestone</subfield>
    </datafield>
    <datafield tag="876" ind1=" " ind2=" ">
      <subfield code="0">22553395810006421</subfield>
      <subfield code="a">23553395250006421</subfield>
      <subfield code="3">vol.100 July-Dec.1971</subfield>
      <subfield code="j">1</subfield>
      <subfield code="z">stacks</subfield>
      <subfield code="d">2017-05-23 20:00:00 US/Eastern</subfield>
      <subfield code="p">32101006643546</subfield>
      <subfield code="t">1</subfield>
      <subfield code="y">firestone</subfield>
    </datafield>
    <datafield tag="876" ind1=" " ind2=" ">
      <subfield code="0">22553395810006421</subfield>
      <subfield code="a">23553395260006421</subfield>
      <subfield code="3">vol.99 Jan.-June 1971</subfield>
      <subfield code="j">1</subfield>
      <subfield code="z">stacks</subfield>
      <subfield code="d">2017-05-23 20:00:00 US/Eastern</subfield>
      <subfield code="p">32101095472831</subfield>
      <subfield code="t">1</subfield>
      <subfield code="y">firestone</subfield>
    </datafield>
    <datafield tag="876" ind1=" " ind2=" ">
      <subfield code="0">22553395810006421</subfield>
      <subfield code="a">23553395290006421</subfield>
      <subfield code="3">vol.95 Jan.-June 1969</subfield>
      <subfield code="j">1</subfield>
      <subfield code="z">stacks</subfield>
      <subfield code="d">2017-05-23 20:00:00 US/Eastern</subfield>
      <subfield code="p">32101002372629</subfield>
      <subfield code="t">1</subfield>
      <subfield code="y">firestone</subfield>
    </datafield>
    <datafield tag="876" ind1=" " ind2=" ">
      <subfield code="0">22553395810006421</subfield>
      <subfield code="a">23553395400006421</subfield>
      <subfield code="3">vol. 180 July-Dec. 2011</subfield>
      <subfield code="j">1</subfield>
      <subfield code="z">stacks</subfield>
      <subfield code="d">2012-12-02 19:00:00 US/Eastern</subfield>
      <subfield code="p">32101085994083</subfield>
      <subfield code="t">1</subfield>
      <subfield code="y">firestone</subfield>
    </datafield>
    <datafield tag="876" ind1=" " ind2=" ">
      <subfield code="0">22553395810006421</subfield>
      <subfield code="a">23553395410006421</subfield>
      <subfield code="3">vol. 179 Jan.-June 2011</subfield>
      <subfield code="j">1</subfield>
      <subfield code="z">stacks</subfield>
      <subfield code="d">2012-12-02 19:00:00 US/Eastern</subfield>
      <subfield code="p">32101085994166</subfield>
      <subfield code="t">1</subfield>
      <subfield code="y">firestone</subfield>
    </datafield>
    <datafield tag="876" ind1=" " ind2=" ">
      <subfield code="0">22553395810006421</subfield>
      <subfield code="a">23553395420006421</subfield>
      <subfield code="3">vol. 175 Jan.-June 2009</subfield>
      <subfield code="j">1</subfield>
      <subfield code="z">stacks</subfield>
      <subfield code="d">2009-11-05 19:00:00 US/Eastern</subfield>
      <subfield code="p">32101076994555</subfield>
      <subfield code="t">1</subfield>
      <subfield code="y">firestone</subfield>
    </datafield>
    <datafield tag="876" ind1=" " ind2=" ">
      <subfield code="0">22553395810006421</subfield>
      <subfield code="a">23553395430006421</subfield>
      <subfield code="3">vol. 173 Jan.-June 2008</subfield>
      <subfield code="j">1</subfield>
      <subfield code="z">stacks</subfield>
      <subfield code="d">2009-03-17 20:00:00 US/Eastern</subfield>
      <subfield code="p">32101072267931</subfield>
      <subfield code="t">1</subfield>
      <subfield code="y">firestone</subfield>
    </datafield>
    <datafield tag="876" ind1=" " ind2=" ">
      <subfield code="0">22553395810006421</subfield>
      <subfield code="a">23553395440006421</subfield>
      <subfield code="3">vol. 171 (inc.) Jan.-June 2007</subfield>
      <subfield code="j">1</subfield>
      <subfield code="z">stacks</subfield>
      <subfield code="d">2009-03-17 20:00:00 US/Eastern</subfield>
      <subfield code="p">32101072267923</subfield>
      <subfield code="t">1</subfield>
      <subfield code="y">firestone</subfield>
    </datafield>
    <datafield tag="876" ind1=" " ind2=" ">
      <subfield code="0">22553395810006421</subfield>
      <subfield code="a">23553395610006421</subfield>
      <subfield code="3">vol. 169 (inc.) Jan.-June 2006</subfield>
      <subfield code="j">1</subfield>
      <subfield code="z">stacks</subfield>
      <subfield code="d">2006-12-03 19:00:00 US/Eastern</subfield>
      <subfield code="p">32101058743921</subfield>
      <subfield code="t">1</subfield>
      <subfield code="y">firestone</subfield>
    </datafield>
    <datafield tag="876" ind1=" " ind2=" ">
      <subfield code="0">22553395810006421</subfield>
      <subfield code="a">23553395600006421</subfield>
      <subfield code="3">vol. 170 July-Dec. 2006</subfield>
      <subfield code="j">1</subfield>
      <subfield code="z">stacks</subfield>
      <subfield code="d">2007-06-26 20:00:00 US/Eastern</subfield>
      <subfield code="p">32101058750835</subfield>
      <subfield code="t">1</subfield>
      <subfield code="y">firestone</subfield>
    </datafield>
    <datafield tag="876" ind1=" " ind2=" ">
      <subfield code="0">22553395810006421</subfield>
      <subfield code="a">23553395620006421</subfield>
      <subfield code="3">vol. 168 (inc.) July-Dec. 2005</subfield>
      <subfield code="j">1</subfield>
      <subfield code="z">stacks</subfield>
      <subfield code="d">2006-12-03 19:00:00 US/Eastern</subfield>
      <subfield code="p">32101058743913</subfield>
      <subfield code="t">1</subfield>
      <subfield code="y">firestone</subfield>
    </datafield>
    <datafield tag="876" ind1=" " ind2=" ">
      <subfield code="0">22553395810006421</subfield>
      <subfield code="a">23553395670006421</subfield>
      <subfield code="3">vol. 160 July-Dec. 2001</subfield>
      <subfield code="j">1</subfield>
      <subfield code="z">stacks</subfield>
      <subfield code="d">2002-05-16 20:00:00 US/Eastern</subfield>
      <subfield code="p">32101044792123</subfield>
      <subfield code="t">1</subfield>
      <subfield code="y">firestone</subfield>
    </datafield>
    <datafield tag="876" ind1=" " ind2=" ">
      <subfield code="0">22553395810006421</subfield>
      <subfield code="a">23553395680006421</subfield>
      <subfield code="3">vol. 159 Jan.-June 2001</subfield>
      <subfield code="j">1</subfield>
      <subfield code="z">stacks</subfield>
      <subfield code="d">2002-05-16 20:00:00 US/Eastern</subfield>
      <subfield code="p">32101044792131</subfield>
      <subfield code="t">1</subfield>
      <subfield code="y">firestone</subfield>
    </datafield>
    <datafield tag="876" ind1=" " ind2=" ">
      <subfield code="0">22553395810006421</subfield>
      <subfield code="a">23553395690006421</subfield>
      <subfield code="3">vol. 158 July-Dec. 2000</subfield>
      <subfield code="j">1</subfield>
      <subfield code="z">stacks</subfield>
      <subfield code="d">2001-08-06 20:00:00 US/Eastern</subfield>
      <subfield code="p">32101039575418</subfield>
      <subfield code="t">1</subfield>
      <subfield code="y">firestone</subfield>
    </datafield>
    <datafield tag="876" ind1=" " ind2=" ">
      <subfield code="0">22553395810006421</subfield>
      <subfield code="a">23553395630006421</subfield>
      <subfield code="3">vol. 167 Jan.-June 2005</subfield>
      <subfield code="j">1</subfield>
      <subfield code="z">stacks</subfield>
      <subfield code="d">2005-11-13 19:00:00 US/Eastern</subfield>
      <subfield code="p">32101059119378</subfield>
      <subfield code="t">1</subfield>
      <subfield code="y">firestone</subfield>
    </datafield>
    <datafield tag="876" ind1=" " ind2=" ">
      <subfield code="0">22553395810006421</subfield>
      <subfield code="a">23553395000006421</subfield>
      <subfield code="3">vol.137 (inc.) Jan.-June 1990</subfield>
      <subfield code="j">1</subfield>
      <subfield code="z">stacks</subfield>
      <subfield code="d">2017-05-23 20:00:00 US/Eastern</subfield>
      <subfield code="p">32101016802462</subfield>
      <subfield code="t">1</subfield>
      <subfield code="y">firestone</subfield>
    </datafield>
    <datafield tag="876" ind1=" " ind2=" ">
      <subfield code="0">22553395810006421</subfield>
      <subfield code="a">23553395110006421</subfield>
      <subfield code="3">vol.123-124 (inc.) 1983</subfield>
      <subfield code="j">1</subfield>
      <subfield code="z">stacks</subfield>
      <subfield code="d">2017-05-23 20:00:00 US/Eastern</subfield>
      <subfield code="p">32101008012278</subfield>
      <subfield code="t">1</subfield>
      <subfield code="y">firestone</subfield>
    </datafield>
    <datafield tag="876" ind1=" " ind2=" ">
      <subfield code="0">22553395810006421</subfield>
      <subfield code="a">23553395200006421</subfield>
      <subfield code="3">vol.107 Jan.-June 1975</subfield>
      <subfield code="j">1</subfield>
      <subfield code="z">stacks</subfield>
      <subfield code="d">2017-05-23 20:00:00 US/Eastern</subfield>
      <subfield code="p">32101095472849</subfield>
      <subfield code="t">1</subfield>
      <subfield code="y">firestone</subfield>
    </datafield>
    <datafield tag="876" ind1=" " ind2=" ">
      <subfield code="0">22553395810006421</subfield>
      <subfield code="a">23553394980006421</subfield>
      <subfield code="3">vol.139-140 (inc.) 1991</subfield>
      <subfield code="j">1</subfield>
      <subfield code="z">stacks</subfield>
      <subfield code="d">2017-05-23 20:00:00 US/Eastern</subfield>
      <subfield code="p">32101022241325</subfield>
      <subfield code="t">1</subfield>
      <subfield code="y">firestone</subfield>
    </datafield>
    <datafield tag="876" ind1=" " ind2=" ">
      <subfield code="0">22553395810006421</subfield>
      <subfield code="a">23553395220006421</subfield>
      <subfield code="3">vol.105, no.1-25 Jan.-June 1974</subfield>
      <subfield code="j">1</subfield>
      <subfield code="z">stacks</subfield>
      <subfield code="d">2017-05-23 20:00:00 US/Eastern</subfield>
      <subfield code="p">32101006240178</subfield>
      <subfield code="t">1</subfield>
      <subfield code="y">firestone</subfield>
    </datafield>
    <datafield tag="876" ind1=" " ind2=" ">
      <subfield code="0">22553395810006421</subfield>
      <subfield code="a">23553395310006421</subfield>
      <subfield code="3">vol.91 Jan.-June 1967</subfield>
      <subfield code="j">1</subfield>
      <subfield code="z">stacks</subfield>
      <subfield code="d">2017-05-23 20:00:00 US/Eastern</subfield>
      <subfield code="p">32101095472799</subfield>
      <subfield code="t">1</subfield>
      <subfield code="y">firestone</subfield>
    </datafield>
    <datafield tag="876" ind1=" " ind2=" ">
      <subfield code="0">22553395810006421</subfield>
      <subfield code="a">23553395240006421</subfield>
      <subfield code="3">vol.101 Jan.-June 1972</subfield>
      <subfield code="j">1</subfield>
      <subfield code="z">stacks</subfield>
      <subfield code="d">2017-05-23 20:00:00 US/Eastern</subfield>
      <subfield code="p">32101006643686</subfield>
      <subfield code="t">1</subfield>
      <subfield code="y">firestone</subfield>
    </datafield>
    <datafield tag="876" ind1=" " ind2=" ">
      <subfield code="0">22553395810006421</subfield>
      <subfield code="a">23553395080006421</subfield>
      <subfield code="3">vol.129 (inc.) Jan.-June 1986</subfield>
      <subfield code="j">1</subfield>
      <subfield code="z">stacks</subfield>
      <subfield code="d">2017-05-23 20:00:00 US/Eastern</subfield>
      <subfield code="p">32101016842054</subfield>
      <subfield code="t">1</subfield>
      <subfield code="y">firestone</subfield>
    </datafield>
    <datafield tag="876" ind1=" " ind2=" ">
      <subfield code="0">22553395810006421</subfield>
      <subfield code="a">23553395060006421</subfield>
      <subfield code="3">vol.131-132 1987</subfield>
      <subfield code="j">1</subfield>
      <subfield code="z">stacks</subfield>
      <subfield code="d">2017-05-23 20:00:00 US/Eastern</subfield>
      <subfield code="p">32101014629651</subfield>
      <subfield code="t">1</subfield>
      <subfield code="y">firestone</subfield>
    </datafield>
    <datafield tag="876" ind1=" " ind2=" ">
      <subfield code="0">22553395810006421</subfield>
      <subfield code="a">23553395170006421</subfield>
      <subfield code="3">vol.110 July-Dec.1976</subfield>
      <subfield code="j">1</subfield>
      <subfield code="z">stacks</subfield>
      <subfield code="d">2017-05-23 20:00:00 US/Eastern</subfield>
      <subfield code="p">32101095472864</subfield>
      <subfield code="t">1</subfield>
      <subfield code="y">firestone</subfield>
    </datafield>
    <datafield tag="876" ind1=" " ind2=" ">
      <subfield code="0">22553395810006421</subfield>
      <subfield code="a">23553395130006421</subfield>
      <subfield code="3">vol.119-120 1981</subfield>
      <subfield code="j">1</subfield>
      <subfield code="z">stacks</subfield>
      <subfield code="d">2017-05-23 20:00:00 US/Eastern</subfield>
      <subfield code="p">32101001399235</subfield>
      <subfield code="t">1</subfield>
      <subfield code="y">firestone</subfield>
    </datafield>
    <datafield tag="876" ind1=" " ind2=" ">
      <subfield code="0">22553395810006421</subfield>
      <subfield code="a">23553395150006421</subfield>
      <subfield code="3">vol.114 July-Dec.1978</subfield>
      <subfield code="j">1</subfield>
      <subfield code="z">stacks</subfield>
      <subfield code="d">2017-05-23 20:00:00 US/Eastern</subfield>
      <subfield code="p">32101006394744</subfield>
      <subfield code="t">1</subfield>
      <subfield code="y">firestone</subfield>
    </datafield>
    <datafield tag="876" ind1=" " ind2=" ">
      <subfield code="0">22553395810006421</subfield>
      <subfield code="a">23553395040006421</subfield>
      <subfield code="3">vol.135 (inc.) 1989</subfield>
      <subfield code="j">1</subfield>
      <subfield code="z">stacks</subfield>
      <subfield code="d">2017-05-23 20:00:00 US/Eastern</subfield>
      <subfield code="p">32101014552408</subfield>
      <subfield code="t">1</subfield>
      <subfield code="y">firestone</subfield>
    </datafield>
    <datafield tag="876" ind1=" " ind2=" ">
      <subfield code="0">22553395810006421</subfield>
      <subfield code="a">23553395730006421</subfield>
      <subfield code="3">vol.154 July-Dec. 1998</subfield>
      <subfield code="j">1</subfield>
      <subfield code="z">stacks</subfield>
      <subfield code="d">2000-06-12 20:00:00 US/Eastern</subfield>
      <subfield code="p">32101037223003</subfield>
      <subfield code="t">1</subfield>
      <subfield code="y">firestone</subfield>
    </datafield>
    <datafield tag="876" ind1=" " ind2=" ">
      <subfield code="0">22553395810006421</subfield>
      <subfield code="a">23553395560006421</subfield>
      <subfield code="3">vol. 162 July-Dec. 2002</subfield>
      <subfield code="j">1</subfield>
      <subfield code="z">stacks</subfield>
      <subfield code="d">2003-03-13 19:00:00 US/Eastern</subfield>
      <subfield code="p">32101046593974</subfield>
      <subfield code="t">1</subfield>
      <subfield code="y">firestone</subfield>
    </datafield>
    <datafield tag="876" ind1=" " ind2=" ">
      <subfield code="0">22553395810006421</subfield>
      <subfield code="a">23553395570006421</subfield>
      <subfield code="3">vol. 161 (inc.) Jan.-June 2002</subfield>
      <subfield code="j">1</subfield>
      <subfield code="z">stacks</subfield>
      <subfield code="d">2003-03-13 19:00:00 US/Eastern</subfield>
      <subfield code="p">32101046593982</subfield>
      <subfield code="t">1</subfield>
      <subfield code="y">firestone</subfield>
    </datafield>
    <datafield tag="876" ind1=" " ind2=" ">
      <subfield code="0">22553395810006421</subfield>
      <subfield code="a">23553395380006421</subfield>
      <subfield code="3">vol.98 July-Dec.1970</subfield>
      <subfield code="j">1</subfield>
      <subfield code="z">stacks</subfield>
      <subfield code="d">2017-05-23 20:00:00 US/Eastern</subfield>
      <subfield code="p">32101095472823</subfield>
      <subfield code="t">1</subfield>
      <subfield code="y">firestone</subfield>
    </datafield>
    <datafield tag="876" ind1=" " ind2=" ">
      <subfield code="0">22553395810006421</subfield>
      <subfield code="a">23553395390006421</subfield>
      <subfield code="3">vol. 181 Jan.-June 2012</subfield>
      <subfield code="j">1</subfield>
      <subfield code="z">stacks</subfield>
      <subfield code="d">2012-12-02 19:00:00 US/Eastern</subfield>
      <subfield code="p">32101085994075</subfield>
      <subfield code="t">1</subfield>
      <subfield code="y">firestone</subfield>
    </datafield>
    <datafield tag="876" ind1=" " ind2=" ">
      <subfield code="0">22553395810006421</subfield>
      <subfield code="a">23553395750006421</subfield>
      <subfield code="3">vol.152 July-Dec. 1997</subfield>
      <subfield code="j">1</subfield>
      <subfield code="z">stacks</subfield>
      <subfield code="d">2000-06-12 20:00:00 US/Eastern</subfield>
      <subfield code="p">32101033882968</subfield>
      <subfield code="t">1</subfield>
      <subfield code="y">firestone</subfield>
    </datafield>
    <datafield tag="876" ind1=" " ind2=" ">
      <subfield code="0">22553395810006421</subfield>
      <subfield code="a">23553395740006421</subfield>
      <subfield code="3">vol.153 (inc.) Jan.-June 1998</subfield>
      <subfield code="j">1</subfield>
      <subfield code="z">stacks</subfield>
      <subfield code="d">2000-06-12 20:00:00 US/Eastern</subfield>
      <subfield code="p">32101037222997</subfield>
      <subfield code="t">1</subfield>
      <subfield code="y">firestone</subfield>
    </datafield>
    <datafield tag="876" ind1=" " ind2=" ">
      <subfield code="0">22553395810006421</subfield>
      <subfield code="a">23553395760006421</subfield>
      <subfield code="3">vol.151 Jan.-June 1997</subfield>
      <subfield code="j">1</subfield>
      <subfield code="z">stacks</subfield>
      <subfield code="d">2000-06-12 20:00:00 US/Eastern</subfield>
      <subfield code="p">32101033882976</subfield>
      <subfield code="t">1</subfield>
      <subfield code="y">firestone</subfield>
    </datafield>
    <datafield tag="876" ind1=" " ind2=" ">
      <subfield code="0">22553395810006421</subfield>
      <subfield code="a">23553395710006421</subfield>
      <subfield code="3">vol.156 (inc.) July-Dec. 1999</subfield>
      <subfield code="j">1</subfield>
      <subfield code="z">stacks</subfield>
      <subfield code="d">2000-06-12 20:00:00 US/Eastern</subfield>
      <subfield code="p">32101039145527</subfield>
      <subfield code="t">1</subfield>
      <subfield code="y">firestone</subfield>
    </datafield>
    <datafield tag="876" ind1=" " ind2=" ">
      <subfield code="0">22553395810006421</subfield>
      <subfield code="a">23553395700006421</subfield>
      <subfield code="3">vol.157 (inc.) Jan.-June 2000</subfield>
      <subfield code="j">1</subfield>
      <subfield code="z">stacks</subfield>
      <subfield code="d">2000-12-11 19:00:00 US/Eastern</subfield>
      <subfield code="p">32101039313232</subfield>
      <subfield code="t">1</subfield>
      <subfield code="y">firestone</subfield>
    </datafield>
    <datafield tag="876" ind1=" " ind2=" ">
      <subfield code="0">22553395810006421</subfield>
      <subfield code="a">23553395720006421</subfield>
      <subfield code="3">vol. 155 Jan.-June 1999</subfield>
      <subfield code="j">1</subfield>
      <subfield code="z">stacks</subfield>
      <subfield code="d">2000-06-12 20:00:00 US/Eastern</subfield>
      <subfield code="p">32101039145519</subfield>
      <subfield code="t">1</subfield>
      <subfield code="y">firestone</subfield>
    </datafield>
    <datafield tag="876" ind1=" " ind2=" ">
      <subfield code="0">22553395810006421</subfield>
      <subfield code="a">23553395190006421</subfield>
      <subfield code="3">vol.108 July-Dec.1975</subfield>
      <subfield code="j">1</subfield>
      <subfield code="z">stacks</subfield>
      <subfield code="d">2017-05-23 20:00:00 US/Eastern</subfield>
      <subfield code="p">32101002398277</subfield>
      <subfield code="t">1</subfield>
      <subfield code="y">firestone</subfield>
    </datafield>
    <datafield tag="876" ind1=" " ind2=" ">
      <subfield code="0">22553395810006421</subfield>
      <subfield code="a">23553395360006421</subfield>
      <subfield code="3">vol. 178 July-Dec. 2010</subfield>
      <subfield code="j">1</subfield>
      <subfield code="z">stacks</subfield>
      <subfield code="d">2011-09-26 20:00:00 US/Eastern</subfield>
      <subfield code="p">32101077865705</subfield>
      <subfield code="t">1</subfield>
      <subfield code="y">firestone</subfield>
    </datafield>
    <datafield tag="876" ind1=" " ind2=" ">
      <subfield code="0">22553395810006421</subfield>
      <subfield code="a">23553395770006421</subfield>
      <subfield code="3">vol.150 July-Dec. 1996</subfield>
      <subfield code="j">1</subfield>
      <subfield code="z">stacks</subfield>
      <subfield code="d">2000-06-12 20:00:00 US/Eastern</subfield>
      <subfield code="p">32101024569731</subfield>
      <subfield code="t">1</subfield>
      <subfield code="y">firestone</subfield>
    </datafield>
    <datafield tag="876" ind1=" " ind2=" ">
      <subfield code="0">22553395810006421</subfield>
      <subfield code="a">23553395370006421</subfield>
      <subfield code="3">vol. 177 Jan.-June 2010</subfield>
      <subfield code="j">1</subfield>
      <subfield code="z">stacks</subfield>
      <subfield code="d">2011-09-26 20:00:00 US/Eastern</subfield>
      <subfield code="p">32101077865515</subfield>
      <subfield code="t">1</subfield>
      <subfield code="y">firestone</subfield>
    </datafield>
    <datafield tag="876" ind1=" " ind2=" ">
      <subfield code="0">22553395810006421</subfield>
      <subfield code="a">23553395350006421</subfield>
      <subfield code="3">vol. 176 July-Dec. 2009</subfield>
      <subfield code="j">1</subfield>
      <subfield code="z">stacks</subfield>
      <subfield code="d">2011-10-06 20:00:00 US/Eastern</subfield>
      <subfield code="p">32101082447424</subfield>
      <subfield code="t">1</subfield>
      <subfield code="y">firestone</subfield>
    </datafield>
    <datafield tag="876" ind1=" " ind2=" ">
      <subfield code="0">22553395810006421</subfield>
      <subfield code="a">23553395340006421</subfield>
      <subfield code="3">vol. 182 July-Dec. 2012</subfield>
      <subfield code="j">1</subfield>
      <subfield code="z">stacks</subfield>
      <subfield code="d">2013-10-20 20:00:00 US/Eastern</subfield>
      <subfield code="p">32101083567477</subfield>
      <subfield code="t">1</subfield>
      <subfield code="y">firestone</subfield>
    </datafield>
    <datafield tag="876" ind1=" " ind2=" ">
      <subfield code="0">22553395810006421</subfield>
      <subfield code="a">23553395320006421</subfield>
      <subfield code="3">vol. 184 July-Dec. 2013</subfield>
      <subfield code="j">1</subfield>
      <subfield code="z">stacks</subfield>
      <subfield code="d">2014-03-12 20:00:00 US/Eastern</subfield>
      <subfield code="p">32101087412803</subfield>
      <subfield code="t">1</subfield>
      <subfield code="y">firestone</subfield>
    </datafield>
    <datafield tag="876" ind1=" " ind2=" ">
      <subfield code="0">22553395810006421</subfield>
      <subfield code="a">23553395330006421</subfield>
      <subfield code="3">vol. 183 Jan.-June 2013</subfield>
      <subfield code="j">1</subfield>
      <subfield code="z">stacks</subfield>
      <subfield code="d">2013-10-20 20:00:00 US/Eastern</subfield>
      <subfield code="p">32101083567469</subfield>
      <subfield code="t">1</subfield>
      <subfield code="y">firestone</subfield>
    </datafield>
    <datafield tag="876" ind1=" " ind2=" ">
      <subfield code="0">22553395810006421</subfield>
      <subfield code="a">23553395500006421</subfield>
      <subfield code="3">vol.134 1988</subfield>
      <subfield code="j">1</subfield>
      <subfield code="z">stacks</subfield>
      <subfield code="d">2007-04-26 20:00:00 US/Eastern</subfield>
      <subfield code="p">32101014552416</subfield>
      <subfield code="t">1</subfield>
      <subfield code="y">firestone</subfield>
    </datafield>
    <datafield tag="876" ind1=" " ind2=" ">
      <subfield code="0">22553395810006421</subfield>
      <subfield code="a">23553395790006421</subfield>
      <subfield code="3">vol.147-148 (inc.) 1995</subfield>
      <subfield code="j">1</subfield>
      <subfield code="z">stacks</subfield>
      <subfield code="d">2000-06-12 20:00:00 US/Eastern</subfield>
      <subfield code="p">32101033497353</subfield>
      <subfield code="t">1</subfield>
      <subfield code="y">firestone</subfield>
    </datafield>
    <datafield tag="876" ind1=" " ind2=" ">
      <subfield code="0">22553395810006421</subfield>
      <subfield code="a">23553395780006421</subfield>
      <subfield code="3">vol.149 (inc.) Jan.-June 1996</subfield>
      <subfield code="j">1</subfield>
      <subfield code="z">stacks</subfield>
      <subfield code="d">2000-06-12 20:00:00 US/Eastern</subfield>
      <subfield code="p">32101024539734</subfield>
      <subfield code="t">1</subfield>
      <subfield code="y">firestone</subfield>
    </datafield>
    <datafield tag="876" ind1=" " ind2=" ">
      <subfield code="0">22553395810006421</subfield>
      <subfield code="a">23553395530006421</subfield>
      <subfield code="3">vol.141-142 (inc.) 1992</subfield>
      <subfield code="j">1</subfield>
      <subfield code="z">stacks</subfield>
      <subfield code="d">2007-04-26 20:00:00 US/Eastern</subfield>
      <subfield code="p">32101022745556</subfield>
      <subfield code="t">1</subfield>
      <subfield code="y">firestone</subfield>
    </datafield>
    <datafield tag="876" ind1=" " ind2=" ">
      <subfield code="0">22553395810006421</subfield>
      <subfield code="a">23553395520006421</subfield>
      <subfield code="3">vol.112 July-Dec.1977</subfield>
      <subfield code="j">1</subfield>
      <subfield code="z">stacks</subfield>
      <subfield code="d">2007-04-26 20:00:00 US/Eastern</subfield>
      <subfield code="p">32101006520629</subfield>
      <subfield code="t">1</subfield>
      <subfield code="y">firestone</subfield>
    </datafield>
    <datafield tag="876" ind1=" " ind2=" ">
      <subfield code="0">22553395810006421</subfield>
      <subfield code="a">23553395510006421</subfield>
      <subfield code="3">vol.113 1978</subfield>
      <subfield code="j">1</subfield>
      <subfield code="z">stacks</subfield>
      <subfield code="d">2007-04-26 20:00:00 US/Eastern</subfield>
      <subfield code="p">32101006240160</subfield>
      <subfield code="t">1</subfield>
      <subfield code="y">firestone</subfield>
    </datafield>
    <datafield tag="876" ind1=" " ind2=" ">
      <subfield code="0">22553395810006421</subfield>
      <subfield code="a">23553395580006421</subfield>
      <subfield code="3">vol. 174 July-Dec. 2008</subfield>
      <subfield code="j">1</subfield>
      <subfield code="z">stacks</subfield>
      <subfield code="d">2009-03-17 20:00:00 US/Eastern</subfield>
      <subfield code="p">32101072267949</subfield>
      <subfield code="t">1</subfield>
      <subfield code="y">firestone</subfield>
    </datafield>
    <datafield tag="876" ind1=" " ind2=" ">
      <subfield code="0">22553395810006421</subfield>
      <subfield code="a">23553395550006421</subfield>
      <subfield code="3">vol.115-116 (inc.) 1979</subfield>
      <subfield code="j">1</subfield>
      <subfield code="z">stacks</subfield>
      <subfield code="d">2003-04-01 19:00:00 US/Eastern</subfield>
      <subfield code="p">32101006239675</subfield>
      <subfield code="t">1</subfield>
      <subfield code="y">firestone</subfield>
    </datafield>
    <datafield tag="876" ind1=" " ind2=" ">
      <subfield code="0">22553395810006421</subfield>
      <subfield code="a">23553395540006421</subfield>
      <subfield code="3">vol. 165 (inc) Jan.-June 2004</subfield>
      <subfield code="j">1</subfield>
      <subfield code="z">stacks</subfield>
      <subfield code="d">2005-04-27 20:00:00 US/Eastern</subfield>
      <subfield code="p">32101054723810</subfield>
      <subfield code="t">1</subfield>
      <subfield code="y">firestone</subfield>
    </datafield>
    <datafield tag="876" ind1=" " ind2=" ">
      <subfield code="0">22553395810006421</subfield>
      <subfield code="a">23553395590006421</subfield>
      <subfield code="3">vol. 172 July-Dec. 2007</subfield>
      <subfield code="j">1</subfield>
      <subfield code="z">stacks</subfield>
      <subfield code="d">2008-03-11 20:00:00 US/Eastern</subfield>
      <subfield code="p">32101062669971</subfield>
      <subfield code="t">1</subfield>
      <subfield code="y">firestone</subfield>
    </datafield>
    <datafield tag="876" ind1=" " ind2=" ">
      <subfield code="0">22553395810006421</subfield>
      <subfield code="a">23553395100006421</subfield>
      <subfield code="3">vol.125-126 1984</subfield>
      <subfield code="j">1</subfield>
      <subfield code="z">stacks</subfield>
      <subfield code="d">2017-05-23 20:00:00 US/Eastern</subfield>
      <subfield code="p">32101013078819</subfield>
      <subfield code="t">1</subfield>
      <subfield code="y">firestone</subfield>
    </datafield>
    <datafield tag="876" ind1=" " ind2=" ">
      <subfield code="0">22553395810006421</subfield>
      <subfield code="a">23553395210006421</subfield>
      <subfield code="3">vol.106 (inc.) July-Dec.1974</subfield>
      <subfield code="j">1</subfield>
      <subfield code="z">stacks</subfield>
      <subfield code="d">2017-05-23 20:00:00 US/Eastern</subfield>
      <subfield code="p">32101001446788</subfield>
      <subfield code="t">1</subfield>
      <subfield code="y">firestone</subfield>
    </datafield>
    <datafield tag="876" ind1=" " ind2=" ">
      <subfield code="0">22553395810006421</subfield>
      <subfield code="a">23553394970006421</subfield>
      <subfield code="3">vol.143-144 1993</subfield>
      <subfield code="j">1</subfield>
      <subfield code="z">stacks</subfield>
      <subfield code="d">2017-05-23 20:00:00 US/Eastern</subfield>
      <subfield code="p">32101024667428</subfield>
      <subfield code="t">1</subfield>
      <subfield code="y">firestone</subfield>
    </datafield>
    <datafield tag="876" ind1=" " ind2=" ">
      <subfield code="0">22553395810006421</subfield>
      <subfield code="a">23553394990006421</subfield>
      <subfield code="3">vol.138 July-Dec.1990</subfield>
      <subfield code="j">1</subfield>
      <subfield code="z">stacks</subfield>
      <subfield code="d">2017-05-23 20:00:00 US/Eastern</subfield>
      <subfield code="p">32101016802454</subfield>
      <subfield code="t">1</subfield>
      <subfield code="y">firestone</subfield>
    </datafield>
    <datafield tag="876" ind1=" " ind2=" ">
      <subfield code="0">22553395810006421</subfield>
      <subfield code="a">23553395300006421</subfield>
      <subfield code="3">vol.93 Jan.-June 1968</subfield>
      <subfield code="j">1</subfield>
      <subfield code="z">stacks</subfield>
      <subfield code="d">2017-05-23 20:00:00 US/Eastern</subfield>
      <subfield code="p">32101095472807</subfield>
      <subfield code="t">1</subfield>
      <subfield code="y">firestone</subfield>
    </datafield>
    <datafield tag="876" ind1=" " ind2=" ">
      <subfield code="0">22553395810006421</subfield>
      <subfield code="a">23553395070006421</subfield>
      <subfield code="3">vol.130 July-Dec.1986</subfield>
      <subfield code="j">1</subfield>
      <subfield code="z">stacks</subfield>
      <subfield code="d">2017-05-23 20:00:00 US/Eastern</subfield>
      <subfield code="p">32101016842047</subfield>
      <subfield code="t">1</subfield>
      <subfield code="y">firestone</subfield>
    </datafield>
    <datafield tag="876" ind1=" " ind2=" ">
      <subfield code="0">22553395810006421</subfield>
      <subfield code="a">23553395230006421</subfield>
      <subfield code="3">vol.102 July-Dec.1972</subfield>
      <subfield code="j">1</subfield>
      <subfield code="z">stacks</subfield>
      <subfield code="d">2017-05-23 20:00:00 US/Eastern</subfield>
      <subfield code="p">32101002398285</subfield>
      <subfield code="t">1</subfield>
      <subfield code="y">firestone</subfield>
    </datafield>
    <datafield tag="876" ind1=" " ind2=" ">
      <subfield code="0">22553395810006421</subfield>
      <subfield code="a">23553395180006421</subfield>
      <subfield code="3">vol.109 Jan.-June 1976</subfield>
      <subfield code="j">1</subfield>
      <subfield code="z">stacks</subfield>
      <subfield code="d">2017-05-23 20:00:00 US/Eastern</subfield>
      <subfield code="p">32101095472856</subfield>
      <subfield code="t">1</subfield>
      <subfield code="y">firestone</subfield>
    </datafield>
    <datafield tag="876" ind1=" " ind2=" ">
      <subfield code="0">22553395810006421</subfield>
      <subfield code="a">23553395140006421</subfield>
      <subfield code="3">vol.117-118 (inc.) 1980</subfield>
      <subfield code="j">1</subfield>
      <subfield code="z">stacks</subfield>
      <subfield code="d">2017-05-23 20:00:00 US/Eastern</subfield>
      <subfield code="p">32101006676363</subfield>
      <subfield code="t">1</subfield>
      <subfield code="y">firestone</subfield>
    </datafield>
    <datafield tag="876" ind1=" " ind2=" ">
      <subfield code="0">22553395810006421</subfield>
      <subfield code="a">23553395160006421</subfield>
      <subfield code="3">vol.111 Jan.-June 1977</subfield>
      <subfield code="j">1</subfield>
      <subfield code="z">stacks</subfield>
      <subfield code="d">2017-05-23 20:00:00 US/Eastern</subfield>
      <subfield code="p">32101006520611</subfield>
      <subfield code="t">1</subfield>
      <subfield code="y">firestone</subfield>
    </datafield>
    <datafield tag="876" ind1=" " ind2=" ">
      <subfield code="0">22553395810006421</subfield>
      <subfield code="a">23553395120006421</subfield>
      <subfield code="3">vol.121-122 (inc.) 1982</subfield>
      <subfield code="j">1</subfield>
      <subfield code="z">stacks</subfield>
      <subfield code="d">2017-05-23 20:00:00 US/Eastern</subfield>
      <subfield code="p">32101007168147</subfield>
      <subfield code="t">1</subfield>
      <subfield code="y">firestone</subfield>
    </datafield>
    <datafield tag="876" ind1=" " ind2=" ">
      <subfield code="0">22553395810006421</subfield>
      <subfield code="a">23553395090006421</subfield>
      <subfield code="3">vol.127-128 1985</subfield>
      <subfield code="j">1</subfield>
      <subfield code="z">stacks</subfield>
      <subfield code="d">2017-05-23 20:00:00 US/Eastern</subfield>
      <subfield code="p">32101009201128</subfield>
      <subfield code="t">1</subfield>
      <subfield code="y">firestone</subfield>
    </datafield>
    <datafield tag="876" ind1=" " ind2=" ">
      <subfield code="0">22553395810006421</subfield>
      <subfield code="a">23553395050006421</subfield>
      <subfield code="3">vol.133 (inc.) 1988</subfield>
      <subfield code="j">1</subfield>
      <subfield code="z">stacks</subfield>
      <subfield code="d">2017-05-23 20:00:00 US/Eastern</subfield>
      <subfield code="p">32101014552424</subfield>
      <subfield code="t">1</subfield>
      <subfield code="y">firestone</subfield>
    </datafield>
    <datafield tag="876" ind1=" " ind2=" ">
      <subfield code="0">22553395810006421</subfield>
      <subfield code="a">23553395010006421</subfield>
      <subfield code="3">vol.136 July-Dec.1989</subfield>
      <subfield code="j">1</subfield>
      <subfield code="z">stacks</subfield>
      <subfield code="d">2017-05-23 20:00:00 US/Eastern</subfield>
      <subfield code="p">32101016802447</subfield>
      <subfield code="t">1</subfield>
      <subfield code="y">firestone</subfield>
    </datafield>
  </record>