
  <record>
    <leader>01224cam a22003258a 4500</leader>
    <controlfield tag="005">20240502091901.0</controlfield>
    <controlfield tag="008">881005s1988    lauc         s001 0 eng  </controlfield>
    <controlfield tag="001">994704723506421</controlfield>
    <datafield tag="010" ind1=" " ind2=" ">
      <subfield code="a">   87032491 </subfield>
    </datafield>
    <datafield tag="020" ind1=" " ind2=" ">
      <subfield code="a">080711412X (alk. paper)</subfield>
    </datafield>
    <datafield tag="035" ind1=" " ind2=" ">
      <subfield code="a">(CStRLIN)NJPG88-B49356</subfield>
    </datafield>
    <datafield tag="035" ind1=" " ind2=" ">
      <subfield code="9">ACE6141TS</subfield>
    </datafield>
    <datafield tag="035" ind1=" " ind2=" ">
      <subfield code="a">(NjP)470472-princetondb</subfield>
    </datafield>
    <datafield tag="035" ind1=" " ind2=" ">
      <subfield code="z">(NjP)Voyager470472</subfield>
    </datafield>
    <datafield tag="035" ind1=" " ind2=" ">
      <subfield code="a">(OCoLC)ocm17202662</subfield>
    </datafield>
    <datafield tag="040" ind1=" " ind2=" ">
      <subfield code="b">eng</subfield>
      <subfield code="d">PU</subfield>
      <subfield code="c">NjP</subfield>
    </datafield>
    <datafield tag="050" ind1="0" ind2=" ">
      <subfield code="a">PS3513.L34</subfield>
      <subfield code="b">A6 1988</subfield>
    </datafield>
    <datafield tag="082" ind1="0" ind2=" ">
      <subfield code="a">813/.52</subfield>
      <subfield code="2">19</subfield>
    </datafield>
    <datafield tag="100" ind1="1" ind2=" ">
      <subfield code="a">Glasgow, Ellen,</subfield>
      <subfield code="d">1873-1945.</subfield>
      <subfield code="0">http://id.loc.gov/authorities/names/n79099365</subfield>
    </datafield>
    <datafield tag="245" ind1="1" ind2="0">
      <subfield code="a">Ellen Glasgow's reasonable doubts :</subfield>
      <subfield code="b">a collection of her writings /</subfield>
      <subfield code="c">edited by Julius Rowan Raper.</subfield>
    </datafield>
    <datafield tag="260" ind1=" " ind2=" ">
      <subfield code="a">Baton Rouge :</subfield>
      <subfield code="b">Louisiana State University Press,</subfield>
      <subfield code="c">c1988.</subfield>
    </datafield>
    <datafield tag="300" ind1=" " ind2=" ">
      <subfield code="a">xix, 262 p. :</subfield>
      <subfield code="b">port. ;</subfield>
      <subfield code="c">24 cm.</subfield>
    </datafield>
    <datafield tag="440" ind1=" " ind2="0">
      <subfield code="a">Southern literary studies</subfield>
    </datafield>
    <datafield tag="500" ind1=" " ind2=" ">
      <subfield code="a">Includes index.</subfield>
    </datafield>
    <datafield tag="700" ind1="1" ind2=" ">
      <subfield code="a">Raper, Julius Rowan,</subfield>
      <subfield code="d">1938-2022.</subfield>
      <subfield code="0">http://id.loc.gov/authorities/names/n79068560</subfield>
    </datafield>
    <datafield tag="740" ind1="0" ind2=" ">
      <subfield code="a">Reasonable doubts.</subfield>
    </datafield>
    <datafield tag="911" ind1=" " ind2=" ">
      <subfield code="a">19921028</subfield>
    </datafield>
    <datafield tag="912" ind1=" " ind2=" ">
      <subfield code="a">19900828000000.0</subfield>
    </datafield>
    <datafield tag="914" ind1=" " ind2=" ">
      <subfield code="a">(OCoLC)ocm17202662</subfield>
      <subfield code="b">OCoLC</subfield>
      <subfield code="c">match</subfield>
      <subfield code="d">20240501</subfield>
      <subfield code="e">processed</subfield>
      <subfield code="f">17202662</subfield>
    </datafield>
    <datafield tag="998" ind1=" " ind2=" ">
      <subfield code="a">10/05/88</subfield>
      <subfield code="s">9110</subfield>
      <subfield code="n">NjP</subfield>
      <subfield code="w">PAUG88B32857</subfield>
      <subfield code="d">10/05/88</subfield>
      <subfield code="c">OF</subfield>
      <subfield code="b">OF</subfield>
      <subfield code="i">881005</subfield>
      <subfield code="l">NJPG</subfield>
    </datafield>
    <datafield tag="950" ind1=" " ind2=" ">
      <subfield code="c">2024-05-02 09:19:01 US/Eastern</subfield>
      <subfield code="b">2021-07-13 01:48:30 US/Eastern</subfield>
      <subfield code="a">false</subfield>
    </datafield>
    <datafield tag="852" ind1="0" ind2="0">
      <subfield code="b">annex</subfield>
      <subfield code="c">fst</subfield>
      <subfield code="h">PS3513.L34</subfield>
      <subfield code="i">A6 1988</subfield>
      <subfield code="8">22669432750006421</subfield>
    </datafield>
    <datafield tag="952" ind1=" " ind2=" ">
      <subfield code="a">2021-07-13 05:48:30</subfield>
      <subfield code="8">22669432750006421</subfield>
      <subfield code="b">Forrestal Annex</subfield>
      <subfield code="c">fst: Annex A Staging (anxafst)</subfield>
      <subfield code="e">false</subfield>
    </datafield>
    <datafield tag="876" ind1=" " ind2=" ">
      <subfield code="0">22669432750006421</subfield>
      <subfield code="a">23669432740006421</subfield>
      <subfield code="j">1</subfield>
      <subfield code="z">fst</subfield>
      <subfield code="d">2000-06-12 20:00:00 US/Eastern</subfield>
      <subfield code="p">32101015620188</subfield>
      <subfield code="t">1</subfield>
      <subfield code="y">annex</subfield>
    </datafield>
  </record>