
  <record>
    <leader>01644cas a2200397 a 4500</leader>
    <controlfield tag="005">20240812122822.0</controlfield>
    <controlfield tag="008">820312d19791986dcumx p       0    0eng d</controlfield>
    <controlfield tag="001">991206653506421</controlfield>
    <datafield tag="010" ind1=" " ind2=" ">
      <subfield code="a">   80644238  </subfield>
      <subfield code="z">sc 80002342 </subfield>
      <subfield code="z">sn 79003776 </subfield>
    </datafield>
    <datafield tag="022" ind1="0" ind2=" ">
      <subfield code="a">0193-4511</subfield>
    </datafield>
    <datafield tag="035" ind1=" " ind2=" ">
      <subfield code="a">(CStRLIN)NJPG82-S139</subfield>
    </datafield>
    <datafield tag="035" ind1=" " ind2=" ">
      <subfield code="9">AAT5396TS</subfield>
    </datafield>
    <datafield tag="035" ind1=" " ind2=" ">
      <subfield code="a">(NjP)120665-princetondb</subfield>
    </datafield>
    <datafield tag="035" ind1=" " ind2=" ">
      <subfield code="a">(OCoLC)ocm05206521</subfield>
    </datafield>
    <datafield tag="035" ind1=" " ind2=" ">
      <subfield code="z">(NjP)Voyager120665</subfield>
    </datafield>
    <datafield tag="040" ind1=" " ind2=" ">
      <subfield code="a">NSDP</subfield>
      <subfield code="b">eng</subfield>
      <subfield code="d">HUL</subfield>
      <subfield code="d">NSDP</subfield>
      <subfield code="d">DNLM</subfield>
      <subfield code="d">DLC</subfield>
      <subfield code="d">OCL</subfield>
      <subfield code="d">m.c.</subfield>
      <subfield code="d">DLC</subfield>
      <subfield code="d">NST</subfield>
      <subfield code="d">NjP</subfield>
      <subfield code="c">NjP</subfield>
    </datafield>
    <datafield tag="042" ind1=" " ind2=" ">
      <subfield code="a">nsdp</subfield>
      <subfield code="a">lc</subfield>
    </datafield>
    <datafield tag="050" ind1="0" ind2=" ">
      <subfield code="a">Q1</subfield>
      <subfield code="b">.S354</subfield>
    </datafield>
    <datafield tag="060" ind1=" " ind2=" ">
      <subfield code="a">W1 SC653B</subfield>
    </datafield>
    <datafield tag="082" ind1="0" ind2=" ">
      <subfield code="a">505</subfield>
    </datafield>
    <datafield tag="130" ind1="0" ind2=" ">
      <subfield code="a">Science (Washington, D.C. : 1979)</subfield>
    </datafield>
    <datafield tag="222" ind1=" " ind2="0">
      <subfield code="a">Science</subfield>
      <subfield code="b">(Washington. 1979)</subfield>
    </datafield>
    <datafield tag="245" ind1="0" ind2="0">
      <subfield code="a">Science.</subfield>
    </datafield>
    <datafield tag="260" ind1=" " ind2=" ">
      <subfield code="a">Washington, D.C. :</subfield>
      <subfield code="b">American Association for the Advancement of Science,</subfield>
      <subfield code="c">c1979-1986.</subfield>
    </datafield>
    <datafield tag="300" ind1=" " ind2=" ">
      <subfield code="a">7 v. :</subfield>
      <subfield code="b">ill. ;</subfield>
      <subfield code="c">28 cm.</subfield>
    </datafield>
    <datafield tag="310" ind1=" " ind2=" ">
      <subfield code="a">Ten issues a year</subfield>
      <subfield code="b">&lt;1980&gt;-1986.</subfield>
    </datafield>
    <datafield tag="321" ind1=" " ind2=" ">
      <subfield code="a">Bimonthly</subfield>
      <subfield code="b">1979-Oct. 1980</subfield>
    </datafield>
    <datafield tag="362" ind1="0" ind2=" ">
      <subfield code="a">Vol. 1, no. 1 (Nov./Dec. 1979)-v. 7, no. 6 (July/Aug. 1986).</subfield>
    </datafield>
    <datafield tag="500" ind1=" " ind2=" ">
      <subfield code="a">Issues for Nov./Dec. 1979-July/Aug. 1986 include a year designation in conjuction with the title, e.g. Science 80.</subfield>
    </datafield>
    <datafield tag="650" ind1=" " ind2="0">
      <subfield code="a">Science</subfield>
      <subfield code="v">Periodicals.</subfield>
      <subfield code="0">http://id.loc.gov/authorities/subjects/sh85118580</subfield>
    </datafield>
    <datafield tag="655" ind1=" " ind2="7">
      <subfield code="a">Periodicals.</subfield>
      <subfield code="2">lcgft</subfield>
      <subfield code="0">http://id.loc.gov/authorities/genreForms/gf2014026139</subfield>
    </datafield>
    <datafield tag="710" ind1="2" ind2=" ">
      <subfield code="a">American Association for the Advancement of Science.</subfield>
      <subfield code="0">http://id.loc.gov/authorities/names/n79053772</subfield>
    </datafield>
    <datafield tag="911" ind1=" " ind2=" ">
      <subfield code="a">19930610</subfield>
    </datafield>
    <datafield tag="912" ind1=" " ind2=" ">
      <subfield code="a">20000315045816.0</subfield>
    </datafield>
    <datafield tag="914" ind1=" " ind2=" ">
      <subfield code="a">(OCoLC)ocm05206521</subfield>
      <subfield code="b">OCoLC</subfield>
      <subfield code="c">match</subfield>
      <subfield code="d">20221117</subfield>
      <subfield code="e">processed</subfield>
      <subfield code="f">5206521</subfield>
    </datafield>
    <datafield tag="998" ind1=" " ind2=" ">
      <subfield code="a">06/01/93</subfield>
      <subfield code="s">9110</subfield>
      <subfield code="n">NjP</subfield>
      <subfield code="w">DCLC80644238S</subfield>
      <subfield code="d">03/12/82</subfield>
      <subfield code="c">PG</subfield>
      <subfield code="b">DLR</subfield>
      <subfield code="i">930601</subfield>
      <subfield code="l">NJPG</subfield>
    </datafield>
    <datafield tag="950" ind1=" " ind2=" ">
      <subfield code="c">2024-08-12 12:28:22 US/Eastern</subfield>
      <subfield code="b">2021-07-12 22:26:40 US/Eastern</subfield>
      <subfield code="a">false</subfield>
    </datafield>
    <datafield tag="852" ind1="0" ind2="1">
      <subfield code="b">firestone</subfield>
      <subfield code="c">stacks</subfield>
      <subfield code="h">Q1</subfield>
      <subfield code="i">.S354</subfield>
      <subfield code="8">22633194880006421</subfield>
    </datafield>
    <datafield tag="866" ind1=" " ind2="0">
      <subfield code="a">Vol. 1, no. 1 (Nov./Dec. 1979)- v. 7, no. 6  (July/Aug. 1986)</subfield>
      <subfield code="8">22633194880006421</subfield>
    </datafield>
    <datafield tag="866" ind1=" " ind2="0">
      <subfield code="z">LACKS: v. 1, no. 2; v. 2, no. 2, 9; v. 3, no. 1-2, 4-5; v. 4, no. 1; v. 5,no. 9; v. 6, no. 3</subfield>
      <subfield code="8">22633194880006421</subfield>
    </datafield>
    <datafield tag="952" ind1=" " ind2=" ">
      <subfield code="a">2021-07-13 02:26:40</subfield>
      <subfield code="8">22633194880006421</subfield>
      <subfield code="b">Firestone Library</subfield>
      <subfield code="c">stacks: Firestone Library</subfield>
      <subfield code="e">false</subfield>
    </datafield>
    <datafield tag="876" ind1=" " ind2=" ">
      <subfield code="0">22633194880006421</subfield>
      <subfield code="a">23633194830006421</subfield>
      <subfield code="3">vol.4 (inc.) 1983</subfield>
      <subfield code="j">1</subfield>
      <subfield code="z">stacks</subfield>
      <subfield code="d">2017-05-23 20:00:00 US/Eastern</subfield>
      <subfield code="p">32101007770686</subfield>
      <subfield code="t">1</subfield>
      <subfield code="y">firestone</subfield>
    </datafield>
    <datafield tag="876" ind1=" " ind2=" ">
      <subfield code="0">22633194880006421</subfield>
      <subfield code="a">23633194850006421</subfield>
      <subfield code="3">vol.1 (inc.) Nov./Dec.1979-1980</subfield>
      <subfield code="j">1</subfield>
      <subfield code="z">stacks</subfield>
      <subfield code="d">2017-05-23 20:00:00 US/Eastern</subfield>
      <subfield code="p">32101006926487</subfield>
      <subfield code="t">1</subfield>
      <subfield code="y">firestone</subfield>
    </datafield>
    <datafield tag="876" ind1=" " ind2=" ">
      <subfield code="0">22633194880006421</subfield>
      <subfield code="a">23633194820006421</subfield>
      <subfield code="3">vol.5 (inc.) 1984</subfield>
      <subfield code="j">1</subfield>
      <subfield code="z">stacks</subfield>
      <subfield code="d">2017-05-23 20:00:00 US/Eastern</subfield>
      <subfield code="p">32101009937176</subfield>
      <subfield code="t">1</subfield>
      <subfield code="y">firestone</subfield>
    </datafield>
    <datafield tag="876" ind1=" " ind2=" ">
      <subfield code="0">22633194880006421</subfield>
      <subfield code="a">23633194840006421</subfield>
      <subfield code="3">vol.3 (inc.) 1982</subfield>
      <subfield code="j">1</subfield>
      <subfield code="z">stacks</subfield>
      <subfield code="d">2017-05-23 20:00:00 US/Eastern</subfield>
      <subfield code="p">32101095472310</subfield>
      <subfield code="t">1</subfield>
      <subfield code="y">firestone</subfield>
    </datafield>
    <datafield tag="876" ind1=" " ind2=" ">
      <subfield code="0">22633194880006421</subfield>
      <subfield code="a">23633194860006421</subfield>
      <subfield code="3">vol.6 (inc.) 1985</subfield>
      <subfield code="j">1</subfield>
      <subfield code="z">stacks</subfield>
      <subfield code="d">2017-05-23 20:00:00 US/Eastern</subfield>
      <subfield code="p">32101011774674</subfield>
      <subfield code="t">1</subfield>
      <subfield code="y">firestone</subfield>
    </datafield>
    <datafield tag="876" ind1=" " ind2=" ">
      <subfield code="0">22633194880006421</subfield>
      <subfield code="a">23633194870006421</subfield>
      <subfield code="3">vol.7, no.1-6 1986</subfield>
      <subfield code="j">1</subfield>
      <subfield code="z">stacks</subfield>
      <subfield code="d">2000-06-12 20:00:00 US/Eastern</subfield>
      <subfield code="p">32101011774666</subfield>
      <subfield code="t">1</subfield>
      <subfield code="y">firestone</subfield>
    </datafield>
    <datafield tag="876" ind1=" " ind2=" ">
      <subfield code="0">22633194880006421</subfield>
      <subfield code="a">231017468510006421</subfield>
      <subfield code="3">vol.2 (inc.) (1981)</subfield>
      <subfield code="j">1</subfield>
      <subfield code="z">stacks</subfield>
      <subfield code="d">2024-04-25 13:15:03 US/Eastern</subfield>
      <subfield code="p">32101013457062</subfield>
      <subfield code="y">firestone</subfield>
    </datafield>
  </record>