
  <record>
    <leader>01293cam a2200337 i 4500</leader>
    <controlfield tag="005">20240328040751.0</controlfield>
    <controlfield tag="008">820702s1981    cau      b    000 0 eng  </controlfield>
    <controlfield tag="001">99754543506421</controlfield>
    <datafield tag="010" ind1=" " ind2=" ">
      <subfield code="a">   80023870  </subfield>
    </datafield>
    <datafield tag="020" ind1=" " ind2=" ">
      <subfield code="a">0865470006 :</subfield>
      <subfield code="c">$20.00</subfield>
    </datafield>
    <datafield tag="020" ind1=" " ind2=" ">
      <subfield code="a">0865470014 (pbk.) :</subfield>
      <subfield code="c">$8.50</subfield>
    </datafield>
    <datafield tag="035" ind1=" " ind2=" ">
      <subfield code="a">(CStRLIN)NJPG82-B18566</subfield>
    </datafield>
    <datafield tag="035" ind1=" " ind2=" ">
      <subfield code="9">AAP0055TS</subfield>
    </datafield>
    <datafield tag="035" ind1=" " ind2=" ">
      <subfield code="a">(NjP)75454-princetondb</subfield>
    </datafield>
    <datafield tag="035" ind1=" " ind2=" ">
      <subfield code="z">(NjP)Voyager75454</subfield>
    </datafield>
    <datafield tag="035" ind1=" " ind2=" ">
      <subfield code="a">(OCoLC)ocm06579769</subfield>
    </datafield>
    <datafield tag="040" ind1=" " ind2=" ">
      <subfield code="b">eng</subfield>
      <subfield code="c">NjP</subfield>
    </datafield>
    <datafield tag="050" ind1="0" ind2=" ">
      <subfield code="a">PS3554.A86</subfield>
      <subfield code="b">G4 1981</subfield>
    </datafield>
    <datafield tag="082" ind1="0" ind2=" ">
      <subfield code="a">814/.54</subfield>
      <subfield code="2">19</subfield>
    </datafield>
    <datafield tag="100" ind1="1" ind2=" ">
      <subfield code="a">Davenport, Guy.</subfield>
      <subfield code="0">http://id.loc.gov/authorities/names/n50036535</subfield>
    </datafield>
    <datafield tag="245" ind1="1" ind2="4">
      <subfield code="a">The geography of the imagination :</subfield>
      <subfield code="b">forty essays /</subfield>
      <subfield code="c">by Guy Davenport.</subfield>
    </datafield>
    <datafield tag="260" ind1=" " ind2=" ">
      <subfield code="a">San Francisco :</subfield>
      <subfield code="b">North Point Press,</subfield>
      <subfield code="c">1981.</subfield>
    </datafield>
    <datafield tag="300" ind1=" " ind2=" ">
      <subfield code="a">x, 384 p. ;</subfield>
      <subfield code="c">24 cm.</subfield>
    </datafield>
    <datafield tag="504" ind1=" " ind2=" ">
      <subfield code="a">Includes bibliographical references.</subfield>
    </datafield>
    <datafield tag="500" ind1=" " ind2=" ">
      <subfield code="3">Princeton copy 1</subfield>
      <subfield code="a">ExRML copy is gift of Leonard L. Milberg '53 in honor of Richard M. Ludwig.</subfield>
      <subfield code="5">NjP</subfield>
    </datafield>
    <datafield tag="710" ind1="2" ind2=" ">
      <subfield code="a">Leonard L. Milberg Collection of American Poetry</subfield>
      <subfield code="5">NjP</subfield>
      <subfield code="0">http://id.loc.gov/authorities/names/n95021710</subfield>
    </datafield>
    <datafield tag="911" ind1=" " ind2=" ">
      <subfield code="a">19930909</subfield>
    </datafield>
    <datafield tag="912" ind1=" " ind2=" ">
      <subfield code="a">19930825000000.0</subfield>
    </datafield>
    <datafield tag="914" ind1=" " ind2=" ">
      <subfield code="a">(OCoLC)ocm06579769</subfield>
      <subfield code="b">OCoLC</subfield>
      <subfield code="c">match</subfield>
      <subfield code="d">20240327</subfield>
      <subfield code="e">processed</subfield>
      <subfield code="f">6579769</subfield>
    </datafield>
    <datafield tag="948" ind1=" " ind2=" ">
      <subfield code="a">AACR2x</subfield>
    </datafield>
    <datafield tag="998" ind1=" " ind2=" ">
      <subfield code="a">08/25/93</subfield>
      <subfield code="s">9110</subfield>
      <subfield code="n">NjP</subfield>
      <subfield code="w">CKPG81B331</subfield>
      <subfield code="d">07/02/82</subfield>
      <subfield code="c">KSG</subfield>
      <subfield code="b">MS</subfield>
      <subfield code="i">930825</subfield>
      <subfield code="l">NJPG</subfield>
    </datafield>
    <datafield tag="950" ind1=" " ind2=" ">
      <subfield code="c">2024-04-19 16:50:29 US/Eastern</subfield>
      <subfield code="b">2021-07-12 16:46:52 US/Eastern</subfield>
      <subfield code="a">false</subfield>
    </datafield>
    <datafield tag="852" ind1="0" ind2="0">
      <subfield code="b">rare</subfield>
      <subfield code="c">exrl</subfield>
      <subfield code="h">PS3554.A86</subfield>
      <subfield code="i">G4 1981</subfield>
      <subfield code="8">22571381600006421</subfield>
    </datafield>
    <datafield tag="866" ind1=" " ind2="0">
      <subfield code="z">Princeton copy 1</subfield>
      <subfield code="8">22571381600006421</subfield>
    </datafield>
    <datafield tag="952" ind1=" " ind2=" ">
      <subfield code="a">2021-07-12 20:46:52</subfield>
      <subfield code="8">22571381600006421</subfield>
      <subfield code="b">Special Collections</subfield>
      <subfield code="c">exrl: Milberg</subfield>
      <subfield code="e">false</subfield>
    </datafield>
    <datafield tag="852" ind1="0" ind2="0">
      <subfield code="b">firestone</subfield>
      <subfield code="c">stacks</subfield>
      <subfield code="h">PS3554.A86</subfield>
      <subfield code="i">G4 1981</subfield>
      <subfield code="8">22571381630006421</subfield>
    </datafield>
    <datafield tag="952" ind1=" " ind2=" ">
      <subfield code="a">2021-07-12 20:46:52</subfield>
      <subfield code="8">22571381630006421</subfield>
      <subfield code="b">Firestone Library</subfield>
      <subfield code="c">stacks: Firestone Library</subfield>
      <subfield code="e">false</subfield>
    </datafield>
    <datafield tag="876" ind1=" " ind2=" ">
      <subfield code="0">22571381630006421</subfield>
      <subfield code="a">23571381610006421</subfield>
      <subfield code="j">1</subfield>
      <subfield code="z">stacks</subfield>
      <subfield code="d">2000-06-12 20:00:00 US/Eastern</subfield>
      <subfield code="p">32101002769048</subfield>
      <subfield code="t">1</subfield>
      <subfield code="y">firestone</subfield>
    </datafield>
  </record>