
  <record>
    <leader>00996cam a2200277 a 4500</leader>
    <controlfield tag="005">20240718095817.0</controlfield>
    <controlfield tag="008">820524s1981    nyua          000 0 eng d</controlfield>
    <controlfield tag="001">99682483506421</controlfield>
    <datafield tag="010" ind1=" " ind2=" ">
      <subfield code="a">   80084405 </subfield>
    </datafield>
    <datafield tag="020" ind1=" " ind2=" ">
      <subfield code="a">0879751444</subfield>
    </datafield>
    <datafield tag="035" ind1=" " ind2=" ">
      <subfield code="a">(CStRLIN)NJPG82-B11932</subfield>
    </datafield>
    <datafield tag="035" ind1=" " ind2=" ">
      <subfield code="9">AAN2832TS</subfield>
    </datafield>
    <datafield tag="035" ind1=" " ind2=" ">
      <subfield code="a">(NjP)68248-princetondb</subfield>
    </datafield>
    <datafield tag="035" ind1=" " ind2=" ">
      <subfield code="z">(NjP)Voyager68248</subfield>
    </datafield>
    <datafield tag="035" ind1=" " ind2=" ">
      <subfield code="a">(OCoLC)ocm07747491</subfield>
    </datafield>
    <datafield tag="040" ind1=" " ind2=" ">
      <subfield code="a">MiU</subfield>
      <subfield code="b">eng</subfield>
      <subfield code="c">MiU</subfield>
      <subfield code="d">COc</subfield>
      <subfield code="d">CBu</subfield>
      <subfield code="d">CU-A</subfield>
      <subfield code="d">NjP</subfield>
    </datafield>
    <datafield tag="100" ind1="1" ind2=" ">
      <subfield code="a">Gardner, Martin,</subfield>
      <subfield code="d">1914-2010.</subfield>
      <subfield code="0">http://id.loc.gov/authorities/names/n79054207</subfield>
    </datafield>
    <datafield tag="245" ind1="1" ind2="0">
      <subfield code="a">Science :</subfield>
      <subfield code="b">good, bad and bogus /</subfield>
      <subfield code="c">Martin Gardner.</subfield>
    </datafield>
    <datafield tag="260" ind1=" " ind2=" ">
      <subfield code="a">Buffalo, N. Y.:</subfield>
      <subfield code="b">Prometheus Books,</subfield>
      <subfield code="c">1981.</subfield>
    </datafield>
    <datafield tag="300" ind1=" " ind2=" ">
      <subfield code="a">xvii, 412 p. :</subfield>
      <subfield code="b">ill. ;</subfield>
      <subfield code="c">24 cm.</subfield>
    </datafield>
    <datafield tag="650" ind1=" " ind2="0">
      <subfield code="a">Science.</subfield>
      <subfield code="0">http://id.loc.gov/authorities/subjects/sh85118553</subfield>
    </datafield>
    <datafield tag="911" ind1=" " ind2=" ">
      <subfield code="a">19921028</subfield>
    </datafield>
    <datafield tag="912" ind1=" " ind2=" ">
      <subfield code="a">19961107041847.0</subfield>
    </datafield>
    <datafield tag="914" ind1=" " ind2=" ">
      <subfield code="a">(OCoLC)ocm07747491</subfield>
      <subfield code="b">OCoLC</subfield>
      <subfield code="c">match</subfield>
      <subfield code="d">20240710</subfield>
      <subfield code="e">processed</subfield>
      <subfield code="f">7747491</subfield>
    </datafield>
    <datafield tag="948" ind1=" " ind2=" ">
      <subfield code="a">AACR2</subfield>
    </datafield>
    <datafield tag="998" ind1=" " ind2=" ">
      <subfield code="a">05/24/82</subfield>
      <subfield code="s">9114</subfield>
      <subfield code="n">NjP</subfield>
      <subfield code="w">DCLC8084405B</subfield>
      <subfield code="d">05/24/82</subfield>
      <subfield code="c">SBY</subfield>
      <subfield code="b">SS</subfield>
      <subfield code="i">820524</subfield>
      <subfield code="l">NJPG</subfield>
    </datafield>
    <datafield tag="950" ind1=" " ind2=" ">
      <subfield code="c">2024-07-18 09:58:17 US/Eastern</subfield>
      <subfield code="b">2021-07-12 11:58:23 US/Eastern</subfield>
      <subfield code="a">false</subfield>
    </datafield>
    <datafield tag="852" ind1="0" ind2="0">
      <subfield code="b">firestone</subfield>
      <subfield code="c">stacks</subfield>
      <subfield code="h">Q173</subfield>
      <subfield code="i">.xG37</subfield>
      <subfield code="8">22519406040006421</subfield>
    </datafield>
    <datafield tag="952" ind1=" " ind2=" ">
      <subfield code="a">2021-07-12 15:58:23</subfield>
      <subfield code="8">22519406040006421</subfield>
      <subfield code="b">Firestone Library</subfield>
      <subfield code="c">stacks: Firestone Library</subfield>
      <subfield code="e">false</subfield>
    </datafield>
    <datafield tag="876" ind1=" " ind2=" ">
      <subfield code="0">22519406040006421</subfield>
      <subfield code="a">23519406000006421</subfield>
      <subfield code="j">1</subfield>
      <subfield code="z">stacks</subfield>
      <subfield code="d">2000-06-12 20:00:00 US/Eastern</subfield>
      <subfield code="p">32101005899461</subfield>
      <subfield code="t">1</subfield>
      <subfield code="y">firestone</subfield>
    </datafield>
  </record>
</collection>